3986 5502
872 1047 1031 1116 CLXXX.

271 1181 405 1252 GAR'I'A
438 1177 594 1244 DAVIDI
626 1175 736 1242 FILII
769 1177 934 1246 nouum
964 1182 1020 1246 ΕΤ
1050 1182 1223 1248 SIBILLIi
1259 1185 1378 1250 mm
1412 1187 1629 1256 constitue

364 1310 560 1380 JOHANNI
580 1308 699 1375 nmo
719 1308 937 1375 JOHANNIS
957 1311 1067 1376 mn
1087 1312 1212 1378 wmn·
1236 1313 1295 1378 ns
1317 1316 1520 1382 LANDILT.

729 1439 832 1520 [Anoz
855 1440 980 1504 cumn:
1002 1442 1052 1506 24.
1074 1443 1163 1523 iod]

304 1576 416 1641 Sciant
434 1577 596 1655 presentes
608 1576 641 1634 et
654 1568 753 1633 intexi
772 1569 855 1651 quod
868 1589 926 1651 ego
938 1571 1047 1634 stm
1066 1572 1150 1638 filius
1169 1573 1297 1640 Mum
1310 1575 1349 1640 de
1363 1575 1509 1642 Liscum
1523 1584 1555 1643 st
1569 1597 1627 1662 ego

261 1709 400 1775 Stemus
419 1704 486 1766 filie
504 1701 665 1766 Jonsnnns
678 1699 718 1762 de
738 1697 937 1762 minume
950 1700 990 1763 de
1002 1720 1089 1766 mero
1108 1720 1265 1768 consensu
1284 1713 1393 1769 nostro
1406 1713 1438 1769 et
1453 1716 1629 1789 spontanee

255 1839 430 1904 voluntste
449 1838 559 1897 nostre
577 1829 720 1894 dedimus
739 1836 773 1893 et
792 1830 1003 1894 concessimus
1023 1837 1056 1895 st
1075 1831 1137 1896 heo
1156 1835 1295 1916 presenti
1315 1841 1405 1900 certe
1424 1841 1534 1902 nostre
1553 1857 1626 1903 con·

250 1965 458 2032 firmavimus
476 1963 618 2026 Jonssss
638 1959 703 2023 filio
722 1958 881 2023 Jonsnms
901 1959 958 2022 tilii
978 1960 1156 2026 Wmunnm
1169 1963 1208 2026 de
1222 1963 1369 2027 Insnmn
1389 1965 1469 2032 dues
1489 1987 1580 2032 acres
1593 1975 1625 2034 et

248 2095 426 2161 dimidium
445 2100 533 2160 terre,
547 2089 673 2153 arsbffis
692 2107 765 2151 cum
783 2087 984 2169 pertinenciis
1005 2089 1070 2153 suis
1089 2088 1240 2156 delibero
1259 2098 1441 2157 tenemento
1461 2071 1569 2160 nostro
1589 2096 1628 2160 de

243 2229 460 2293 mesenen
474 2221 592 2285 scilicet
605 2239 665 2302 qne
678 2220 785 2300 jecent
805 2220 953 2284 continue
972 2221 1055 2284 inter
1074 2229 1191 2287 terrem
1211 2225 1315 2288 Pnns1
1334 2225 1441 2290 iretris
1460 2227 1536 2290 dicti
1549 2227 1626 2292 Jon-

245 2375 356 2424 mus
388 2373 484 2435 quum
512 2357 601 2414 tenet
620 2350 659 2412 ds
685 2350 776 2414 nobis
795 2350 830 2412 in
848 2357 939 2431 purte
970 2351 1102 2416 enetrsli
1122 2360 1154 2416 et
1174 2359 1292 2418 terrem
1320 2373 1416 2436 quum
1446 2357 1561 2419 Eunus
1586 2356 1626 2421 de

242 2491 460 2555 Lmnnwsn
480 2483 582 2546 tenuit
602 2482 728 2545 nomine
748 2481 831 2545 dotis
844 2481 878 2544 in
897 2487 987 2563 purte
1006 2483 1117 2546 boriali
1137 2503 1269 2565 quntum
1289 2504 1387 2550 unum
1407 2494 1502 2567 ceput
1523 2487 1625 2552 tendit

241 2635 368 2686 versus
388 2614 541 2678 orientem
560 2631 655 2694 super
678 2611 810 2675 divisum
835 2612 918 2675 inter
947 2619 1164 2678 tenementum
1193 2621 1336 2679 nostrum
1357 2623 1390 2679 et
1409 2624 1626 2684 tenementum

239 2751 397 2816 monum
425 2743 482 2806 tilii
508 2743 625 2807 Tsoun
656 2742 791 2804 muno
822 2749 855 2807 et
882 2742 1026 2806 relictum
1050 2749 1146 2824 ceput
1166 2744 1268 2807 tendit
1296 2764 1405 2809 versus
1430 2745 1624 2814 occidentem

242 2898 352 2961 super
372 2875 507 2939 rivulum
527 2874 581 2956 qui
600 2872 763 2936 descendit
775 2871 814 2936 de
837 2835 1064 2936 Sermonem
1084 2892 1193 2937 versus
1213 2873 1334 2937 iontem
1353 2874 1393 2937 de
1412 2875 1621 2941 hennum.

239 3006 442 3075 Tenendum
471 3011 504 3068 et
528 3002 707 3067 habendam
736 3002 776 3065 de
804 3002 894 3066 nobie
919 3009 953 3066 et
977 3003 1145 3068 heredibus
1174 3004 1291 3069 nostris
1316 3005 1401 3069 dicto
1426 3006 1568 3072 sonsum
1588 3017 1621 3074 et

236 3137 423 3205 heredibus
451 3135 518 3198 suis
542 3135 593 3198 vei
622 3133 790 3214 assignetis
819 3133 915 3196 bbere
935 3140 968 3197 et
988 3133 1093 3214 quiete
1124 3133 1203 3216 bene
1224 3139 1257 3197 et
1276 3134 1311 3196 in
1330 3153 1409 3216 puce
1439 3136 1508 3218 jure
1533 3136 1621 3202 here·

240 3267 372 3333 ditatio
392 3265 621 3346 inperpetuum.
663 3261 836 3366 Iteddendo
861 3261 935 3324 inde
955 3263 1120 3326 annuatim
1140 3261 1231 3326 nobis
1255 3268 1288 3326 et
1308 3262 1475 3328 heredibus
1505 3267 1622 3330 nostris

240 3399 359 3462 dictus
380 3395 549 3458 Josssnns
562 3399 595 3457 et
618 3391 749 3456 heredes
763 3392 812 3456 eui
824 3392 875 3456 vel
896 3392 1049 3474 essignnti
1068 3391 1148 3456 duos
1167 3392 1313 3457 densrios
1333 3395 1456 3476 urgenti
1475 3396 1620 3462 videlicet

243 3530 290 3593 nd
305 3525 434 3589 Pesche
453 3543 552 3586 unum
572 3523 736 3586 denarium
749 3528 781 3586 et
796 3521 837 3586 ed
849 3522 966 3585 festum
987 3522 1035 3586 sci
1056 3521 1242 3586 Msossunss
1261 3543 1360 3588 unum
1380 3524 1544 3590 denarium
1563 3546 1621 3608 pro

245 3655 401 3722 omnibus
421 3653 558 3718 serviciis
571 3639 712 3736 ¹quereiis
732 3653 855 3717 auxiliis
875 3653 970 3716 sectis
994 3652 1211 3718 exactionibus
1231 3660 1264 3717 et
1283 3655 1472 3719 omnimodis
1496 3655 1622 3739 quibus·
1661 3634 1664 3639 ’

249 3805 389 3868 cumque
415 3783 589 3886 demendis.
632 3783 785 3846 Dedimus
810 3790 842 3846 et
866 3782 1079 3846 concessimus
1104 3781 1190 3847 dicto
1219 3783 1362 3849 Jossitm
1390 3793 1424 3849 et
1452 3786 1621 3850 heredibus

250 3917 319 3983 suis
338 3917 390 3980 vel
410 3913 581 3995 assignetis
601 3913 735 3977 murium
755 3913 961 3977 sufficientem
974 3913 1013 3977 de
1033 3933 1149 3995 magne
1168 3915 1305 3978 merlere
1324 3921 1433 3978 nostre
1446 3913 1488 3978 ed
1500 3914 1619 3978 dictum

252 4053 371 4110 terrem
401 4042 620 4108 merliendem.
662 4045 725 4126 Pro
749 4045 811 4107 heo
841 4049 948 4108 eutem
977 4051 1088 4109 ncetm
1117 4043 1287 4112 donatione
1307 4049 1340 4108 et
1364 4045 1567 4108 concessione
1586 4052 1620 4108 et

254 4183 340 4240 curte
359 4181 469 4237 nostre
488 4171 726 4236 confismetione
745 4172 832 4236 dedit
852 4173 943 4238 nobis
968 4173 1071 4238 dictus
1095 4173 1264 4239 Jossnmns
1283 4173 1323 4259 in
1342 4173 1466 4256 urgenti
1494 4174 1620 4256 negotio

132 4267 137 4276 ’
257 4311 366 4368 nostro
386 4311 420 4367 et
440 4303 599 4366 communi
618 4303 782 4368 voluntate
802 4312 913 4368 nostre
932 4304 1012 4368 dues
1031 4322 1155 4368 merces
1174 4307 1207 4368 et
1227 4302 1388 4366 dimidium
1414 4303 1618 4384 prsmsnibus

255 4433 288 4498 in
300 4433 485 4514 ingressum.
526 4433 571 4496 Et
584 4451 643 4496 nos
664 4433 770 4498 stm
790 4439 823 4497 et
846 4434 977 4499 snmus
996 4441 1029 4500 et
1041 4433 1172 4499 heredes
1192 4433 1294 4499 nostri
1313 4433 1415 4499 dictes
1434 4434 1514 4499 dnus
1528 4455 1619 4500 ectus

262 4570 293 4626 et
313 4563 475 4628 dimidium
495 4581 567 4625 cum
587 4562 695 4658 merle
708 4571 740 4626 et
761 4564 831 4627 eliis
850 4563 1049 4646 pertinentiis
1069 4563 1136 4628 suis
1155 4571 1191 4627 ut
1213 4583 1308 4648 cupre
1327 4563 1447 4630 dictum
1467 4572 1517 4630 est
1536 4565 1621 4629 dicto

263 4691 402 4758 ioumst
423 4699 457 4759 st
476 4692 644 4760 heredibus
665 4693 731 4760 suis
744 4694 794 4762 vel
822 4693 990 4777 essignstis
1010 4700 1122 4762 contre
1141 4712 1252 4761 omnes
1272 4693 1417 4761 homines
1437 4700 1469 4762 et
1491 4693 1623 4758 feminee
