3974 5500
869 1021 1005 1088 LXVII.

552 1149 688 1216 CARIA
715 1151 966 1217 GIIRIIBEBTI
987 1153 1096 1218 FILII
1116 1152 1315 1219 Ronmtrr.

713 1281 833 1362 [Gusrz
854 1282 966 1345 Hsun:
988 1285 1028 1348 rt
1047 1300 1068 1346 o
1088 1285 1156 1363 ta]
1366 1283 1575 1348 1196-1218.

284 1405 472 1472 Reverendo
491 1409 576 1491 petri
596 1427 654 1474 suo
673 1408 829 1477 Husuroo
848 1411 956 1477 divine
975 1413 1078 1494 quetis
1097 1413 1205 1476 nem:
1232 1413 1388 1495 episeopo,
1409 1421 1442 1478 et
1462 1415 1617 1478 universis

247 1545 367 1602 tenetes
386 1538 540 1605 Eoolesier
559 1541 633 1606 filiis
658 1541 700 1607 ed
727 1562 807 1626 quos
836 1562 966 1626 presens
996 1545 1148 1626 seriptum
1175 1545 1361 1624 pervenerit,
1394 1545 1616 1609 Gnsueusros

245 1659 329 1724 filius
349 1653 498 1726 noim
525 1663 671 1730 sulutem.
713 1665 845 1732 Noverit
869 1666 1058 1731 universitas
1088 1673 1194 1730 vestre
1213 1685 1264 1730 ms
1285 1666 1476 1730 concessisse
1495 1675 1528 1731 et
1547 1686 1615 1749 pre·

245 1791 328 1853 senti
347 1799 439 1857 uerte
458 1793 663 1860 ooniirmesse
685 1795 818 1859 oonsili0
837 1802 871 1859 st
890 1815 1048 1861 oonseusu
1072 1793 1191 1859 domini
1211 1793 1274 1860 mei
1294 1795 1440 1860 Hormor
1460 1795 1499 1860 de
1520 1795 1615 1860 Husi-

246 1939 441 2000 πωπω,
462 1929 495 1987 et
514 1923 647 1988 fiotum
671 1944 813 1989 meorum
841 1925 921 1988 ΔΜ
942 1931 975 1990 et
994 1925 1107 2000 somn,
1129 1932 1162 1990 st
1181 1925 1353 1989 amisorum
1380 1943 1531 2002 meorum,
1549 1925 1618 1990 Deo

244 2059 277 2116 et
300 2052 405 2118 bestie
430 2053 551 2118 Meum
571 2061 604 2119 et
624 2056 788 2120 monsohis
811 2055 1083 2131 terraemot
1102 2062 1287 2138 perpetuom
1312 2053 1516 2118 elemosinam
1542 2053 1617 2118 libe-

241 2203 310 2246 rom
330 2190 364 2248 et
384 2185 525 2268 quietam
545 2186 587 2250 sb
606 2187 693 2250 omni
713 2186 842 2251 servitIo
862 2192 895 2250 et
922 2185 1056 2252 eeouleri
1087 2169 1261 2251 exeotioue
1281 2201 1339 2267 pro
1369 2183 1472 2249 sulute
1501 2184 1615 2250 uuimae

242 2333 322 2380 meo
353 2320 387 2378 et
418 2321 655 2380 snteosssorum
685 2322 718 2380 et
751 2333 969 2380 snooeseorum
997 2335 1150 2391 meorum,
1184 2335 1295 2380 omnes
1322 2314 1511 2380 donationes
1536 2335 1616 2398 quus

244 2444 342 2510 mter
361 2465 452 2509 meus
471 2446 572 2510 Hooo
591 2447 655 2512 illm
674 2447 748 2511 ieeit
761 2447 796 2510 iu
810 2447 902 2512 terris
916 2453 949 2512 et
961 2447 1070 2510 eroitis
1083 2466 1139 2530 per
1151 2441 1259 2511 omnio
1271 2455 1304 2511 st
1317 2446 1351 2510 in
1363 2445 1510 2520 ommirus
1523 2445 1616 2510 rebus

242 2576 324 2640 siout
344 2584 443 2641 eertte
462 2578 561 2660 ipsius
581 2585 757 2644 testentur:
778 2579 987 2654 seilieet‚=xxx
1006 2598 1097 2642 sores
1117 2585 1210 2642 terroe
1229 2597 1309 2642 mese
1322 2597 1392 2659 quse
1411 2577 1615 2659 proximiores

242 2712 317 2770 sunt
337 2713 432 2770 terres
451 2727 560 2770 sorum
579 2707 620 2772 de
639 2709 878 2773 hemenonem
899 2727 973 2772 oum
992 2707 1093 2772 eroite
1112 2727 1183 2790 qum
1201 2707 1345 2789 proximo
1365 2707 1489 2788 edjeoet
1510 2713 1615 2770 vetere

241 2836 403 2900 cimeterio
430 2857 469 2900 ex
488 2837 676 2904 oooidentuii
695 2845 796 2920 perte,
818 2857 942 2903 ueonon
961 2843 994 2902 et
1014 2844 1149 2920 quotuor
1168 2835 1248 2901 elios
1268 2835 1371 2900 sdhuo
1391 2835 1519 2912 exortes,
1539 2853 1614 2919 quo

241 2987 313 3030 rum
338 2987 405 3032 uns
423 2969 507 3050 isset
528 2967 640 3032 subtus
665 2975 757 3032 vetos
785 2967 991 3043 cimeterium,
1011 2975 1044 3032 et
1065 2976 1130 3032 tres
1150 2967 1277 3050 reliquus
1297 2987 1318 3031 s
1337 2985 1454 3048 meges
1473 2967 1525 3030 vie
1545 2987 1612 3030 ver·

217 3113 298 3199 'sus
316 3095 438 3160 iontem
457 3095 653 3161 deseendunt
672 3096 713 3161 de
746 3095 968 3160 murtrum
997 3103 1030 3162 et
1063 3103 1129 3162 tres
1158 3115 1249 3160 seres
1278 3103 1371 3160 terro
1390 3115 1524 3178 querum
1543 3097 1614 3162 dum

240 3227 348 3308 jeeeut
368 3227 410 3291 ed
428 3227 656 3292 oooidentulem
675 3233 800 3310 pertem
829 3226 922 3291 rivuli
951 3225 1006 3308 qui
1035 3225 1197 3290 deseendit
1222 3245 1279 3308 per
1308 3225 1447 3290 Cossum
1476 3227 1613 3309 grongiae

240 3377 263 3421 u
281 3357 370 3420 fonte
390 3363 423 3420 et
442 3357 579 3421 tendunt
599 3375 725 3421 sursum
744 3376 765 3420 s
784 3361 877 3438 preto
896 3355 1134 3438 mortariorum,
1155 3375 1265 3420 versos
1285 3355 1473 3436 aquilonem,
1495 3364 1529 3420 et
1548 3377 1613 3421 une

241 3485 325 3566 ieost
350 3505 447 3568 super
471 3493 613 3550 montem
627 3451 685 3550 ἀἱ
713 3485 910 3551 oeoidentem
937 3486 996 3550 vin
1015 3503 1140 3567 magnes
1159 3505 1229 3568 ques
1248 3486 1336 3549 venit
1356 3506 1377 3550 e
1397 3487 1613 3550 Lnrrosevsre

241 3615 282 3679 ed
301 3616 465 3698 gruugiem
484 3616 525 3680 de
545 3617 744 3680 monum
764 3623 797 3680 et
817 3635 915 3680 unum
935 3635 1042 3679 eorem
1062 3623 1154 3681 terre
1182 3617 1223 3681 ed
1247 3617 1393 3680 eusiliuns
1422 3617 1611 3710 iubrioundee

239 3746 369 3826 eopellre
394 3746 429 3808 iu
453 3746 607 3810 honorem
631 3745 736 3811 sunoti
766 3746 938 3821 Moerum,
963 3733 1034 3828 que
1063 3745 1209 3810 videlieet
1240 3767 1314 3812 eoru
1333 3749 1417 3829 isoet
1437 3749 1529 3830 juxte
1549 3767 1611 3812 xxx

241 3877 399 3958 predictus
419 3895 510 3941 eorus
530 3877 571 3940 ed
592 3877 763 3942 eustrelem
783 3885 908 3959 purtem
934 3875 1071 3940 illerum.
1113 3877 1160 3942 Ut
1179 3877 1241 3960 ipsi
1271 3897 1326 3942 ees
1355 3877 1494 3943 hebeent
1515 3877 1611 3942 libere

241 4013 273 4068 et
292 4007 423 4088 peoifiee
442 4015 476 4070 et
495 4008 616 4090 integre
635 4007 669 4072 iu
689 4008 836 4072 omnibus
855 4006 924 4072 sine
944 4007 1111 4072 vexatione
1132 4007 1238 4088 eliqos
1257 4015 1290 4072 et
1310 4008 1456 4070 molestis
1484 4007 1517 4070 in
1543 4027 1610 4089 per·

237 4144 379 4219 petuum.
420 4117 466 4201 Iti
485 4137 514 4200 si
534 4136 660 4220 eliquod
679 4137 842 4202 servitium
862 4137 902 4200 de
921 4136 1053 4220 preietie
1072 4135 1295 4201 donationibus
1327 4137 1421 4200 fuerit
1442 4136 1611 4219 eliquendo

239 4268 425 4352 requisitum
444 4267 510 4332 sive
528 4266 649 4332 domini
668 4268 749 4350 regis
769 4267 835 4332 sire
855 4267 956 4343 eliud;
985 4285 1044 4350 ego
1061 4275 1094 4332 et
1114 4265 1244 4330 heredes
1264 4264 1327 4329 mei
1351 4265 1429 4331 illud
1449 4265 1610 4350 edquiete·

240 4399 353 4474 bimus,
375 4400 423 4463 ito
441 4397 525 4481 quod
544 4397 692 4462 moueohi
712 4397 746 4461 in
764 4405 952 4482 perpetuum
972 4395 1071 4482 quieti
1090 4403 1194 4472 erunt,
1221 4402 1256 4460 et
1287 4394 1406 4460 nemini
1436 4396 1475 4462 de
1505 4396 1611 4482 eliquo

240 4529 485 4614 respondebunt.
527 4528 571 4592 Et
591 4525 718 4612 quondo
737 4525 868 4612 preietIs
887 4525 1053 4594 moosohis
1072 4525 1156 4592 hono
1176 4525 1526 4602 oonfimstionemieoi
1548 4527 1610 4608 ipsi

243 4660 424 4728 oeesssiteti
443 4679 523 4728 mse
543 4659 772 4743 oompetientes
792 4675 834 4724 xx
854 4655 971 4724 solidos
992 4656 1114 4741 urgenti
1135 4655 1212 4722 mihi
1232 4655 1397 4732 dederont,
1419 4664 1450 4724 et
1463 4655 1611 4722 iratribus
