3986 5502
454 697 536 764 ⁸102

434 997 632 1084 presentibus
646 1014 683 1063 aa
697 995 966 1062 contendentibus
987 995 1174 1062 auctoritate
1187 992 1263 1059 dicti
1276 991 1405 1076 capituli
1415 989 1555 1077 diximus
1574 987 1794 1056 roborandum.

433 1129 587 1196 Omnibus
608 1136 717 1193 sancte
736 1128 847 1211 matris
874 1129 1005 1192 ecclesie
1024 1129 1097 1190 liliis
1116 1145 1245 1209 presens
1266 1126 1417 1206 scrIptum
1436 1123 1549 1188 visuris
1568 1121 1619 1186 vel
1639 1118 1794 1186 audituris

432 1259 472 1323 de
492 1258 668 1323 annwss
681 1259 721 1322 de
734 1260 871 1322 Beonan
886 1259 925 1322 de
939 1257 1168 1338 Kruesswons
1190 1256 1355 1320 abbatibus
1374 1255 1509 1322 salutem
1521 1253 1555 1316 in
1569 1253 1695 1316 domino
1715 1270 1796 1316 sem·

429 1387 597 1471 pitemam.
652 1387 757 1466 Quum
787 1407 979 1470 quecumque
1000 1406 1021 1452 a
1039 1386 1223 1450 mortalibus
1251 1391 1402 1468 geruntur
1429 1384 1491 1448 nisi
1519 1383 1560 1447 ad
1587 1383 1797 1464 posteriorum

430 1518 615 1582 memoriam
634 1517 823 1582 litterarium
842 1516 1005 1598 diligentia
1025 1517 1140 1598 scripto
1160 1515 1420 1578 commendentur
1431 1533 1507 1578 ceca
1519 1514 1675 1577 oblivione
1693 1511 1795 1593 perire

427 1645 634 1717 dmoscuntur
652 1647 806 1712 universis
824 1647 1023 1729 presentibus
1036 1653 1069 1710 et
1082 1647 1196 1709 futuris
1216 1664 1276 1728 que
1298 1664 1354 1727 per
1377 1663 1437 1708 nos
1457 1645 1645 1708 anctoritate
1665 1642 1796 1724 capituli

429 1777 584 1859 generalis
603 1777 687 1841 inber
705 1777 815 1841 domos
834 1777 874 1839 de
894 1776 1036 1838 Manena
1050 1781 1082 1838 et
1097 1775 1253 1862 hannon
1278 1774 1511 1837 sentencialiter
1530 1773 1701 1836 terminata
1720 1777 1795 1835 sunt

428 1907 568 1991 presenti
588 1907 704 1989 scripto
722 1907 887 1989 propalare
907 1904 1110 1969 decrevimus.
1153 1904 1234 1968 Cum
1253 1904 1338 1967 enim
1351 1903 1393 1967 ad
1405 1903 1593 1984 peticionem
1612 1902 1735 1966 abbatis
1755 1901 1796 1966 de

431 2037 575 2100 mem
585 2036 652 2100 dati
662 2035 822 2099 iuissimus
835 2033 954 2116 judices
968 2055 988 2098 a
1001 2034 1139 2115 capitulo
1153 2033 1291 2114 generali
1304 2051 1397 2114 super
1410 2051 1607 2095 communem
1630 2039 1794 2113 pasturam

427 2165 467 2230 de
487 2165 637 2230 Hrswus
658 2166 814 2240 Wunder,
845 2164 929 2228 unde
949 2163 1040 2227 nobie
1060 2162 1176 2245 liquido
1196 2162 1362 2226 constabat
1375 2182 1432 2243 per
1444 2169 1602 2226 retroacte
1621 2163 1699 2230 aliea
1718 2163 1795 2226 hinc

424 2299 545 2362 motam
564 2293 661 2357 luisse
680 2292 878 2375 questionem
901 2298 934 2354 et
947 2291 1081 2355 eandem
1100 2290 1256 2354 amicabili
1276 2291 1442 2355 concordia
1460 2311 1517 2372 per
1535 2293 1795 2374 compositionem

424 2425 508 2488 inter
534 2429 642 2505 partes
669 2421 787 2486 iactam
816 2421 913 2484 fuisse
943 2421 1098 2502 sopitam;
1124 2420 1180 2483 sed
1199 2440 1271 2484 eam
1298 2427 1411 2501 postea
1439 2441 1478 2483 ax
1507 2428 1598 2502 parta
1637 2422 1793 2486 dictorum

425 2552 548 2618 abbatis
561 2559 594 2615 et
607 2557 780 2615 conventus
793 2551 833 2613 de
847 2550 1003 2612 hunnos
1023 2549 1128 2612 minus
1141 2551 1262 2630 integre
1282 2551 1489 2614 observatam.
1531 2553 1598 2615 Nos
1612 2535 1793 2624 convocatis

427 2684 488 2748 rite
508 2683 651 2764 partibus
670 2682 704 2745 in
724 2681 857 2745 ecclesia
881 2679 1054 2743 cathedrali
1085 2680 1266 2744 Wroonrrn
1294 2699 1379 2742 anno
1399 2680 1518 2743 domini
1537 2683 1655 2744 m⁰cc⁰l⁰
1683 2683 1790 2758 tercio,

427 2813 507 2877 laria
540 2811 678 2876 secunda
721 2817 795 2892 post
842 2811 985 2872 clausum
1026 2810 1149 2872 Pascha
1194 2811 1361 2890 prepositis
1391 2811 1540 2893 utrinque
1584 2813 1795 2893 proponendis

423 2940 559 3005 testibus
579 2939 725 3004 admissis
743 2946 776 3002 et
790 2927 1056 3002 ‘attestacionibus
1076 2936 1244 3019 publicatis
1264 2938 1360 3001 cartis
1385 2945 1417 3002 et
1438 2941 1562 3021 scriptis
1581 2941 1665 3004 inter
1683 2949 1791 3022 partes

425 3071 587 3146 comestis,
618 3070 718 3145 lectis,
754 3075 787 3134 et
817 3087 894 3133 sans
926 3067 1096 3130 intellectis
1125 3066 1335 3130 assidentibus
1365 3067 1528 3131 nobiscum
1561 3071 1791 3136 venerabilibus

423 3200 566 3284 patribus
586 3199 625 3262 de
645 3199 739 3264 Dosa
756 3207 789 3264 et
803 3199 842 3263 de
855 3200 1023 3262 immane
1043 3197 1209 3261 abbatibus
1237 3217 1359 3260 necnon
1379 3205 1412 3261 et
1432 3199 1502 3261 aliis
1522 3199 1666 3264 discretis
1687 3200 1788 3264 nostri

425 3331 543 3394 ordinis
572 3329 715 3410 personis
744 3329 863 3392 dictam
893 3327 1138 3391 controversiam
1167 3327 1354 3390 auctoritate
1383 3328 1512 3409 capituli
1542 3330 1697 3410 generalis
1728 3349 1791 3414 qua

423 3458 629 3542 fungebamur
641 3459 675 3523 in
688 3459 749 3522 hac
767 3465 858 3542 parte
877 3477 934 3540 per
947 3459 1137 3522 sententiam
1161 3457 1328 3521 diffinitam
1348 3477 1420 3521 cum
1440 3459 1621 3522 nullatenus
1641 3461 1715 3524 licet
1733 3479 1791 3542 par

421 3607 481 3654 nos
500 3589 670 3673 plurimum
687 3596 772 3653 esset
792 3589 988 3653 elaboratum
1013 3588 1209 3653 amicabilem
1228 3595 1336 3670 posset
1362 3589 1459 3652 hem
1478 3589 1584 3652 sortiri
1604 3589 1664 3652 hoc
1694 3589 1789 3654 modo

425 3719 672 3784 terminavimus.
713 3719 818 3782 Primo
832 3719 950 3782 scilicet
972 3719 1216 3800 irrefragibiliter
1237 3720 1415 3782 censuimus
1435 3719 1693 3801 compositionem
1707 3720 1790 3784 inter

423 3847 524 3912 dictas
544 3845 654 3910 domos
674 3865 759 3909 anno
778 3845 897 3910 domini
916 3847 1058 3929 m⁰oo⁰iij⁰
1077 3848 1117 3911 de
1136 3847 1223 3912 dicta
1242 3857 1373 3930 pastura
1392 3856 1426 3912 et
1444 3850 1694 3930 possessionibus
1714 3851 1785 3916 aliis

424 3977 543 4040 iactam
562 3975 723 4057 perpetuis
742 3975 809 4038 iore
822 3975 1013 4074 temporibus
1026 3976 1248 4042 inviolabiliter
1265 3979 1502 4044 serenandam.
1546 3980 1690 4044 &eundo
1704 3982 1790 4063 quod

423 4105 521 4170 abbas
540 4112 573 4168 et
590 4111 764 4171 conventus
781 4105 822 4169 de
840 4105 981 4170 Menses
1010 4105 1096 4170 dicta
1113 4113 1244 4188 pastura
1257 4107 1299 4172 de
1317 4109 1466 4173 Hmwnu
1485 4111 1631 4175 werona
1644 4112 1790 4177 omnibus

427 4234 504 4299 anni
527 4235 719 4317 temporibus
741 4235 792 4300 dle
812 4241 966 4318 nocteque
1003 4235 1118 4318 ubique
1142 4237 1238 4301 libere
1265 4245 1298 4302 et
1329 4239 1458 4321 pacifice
1479 4242 1658 4304 cumomni
1678 4261 1792 4324 genere

426 4365 611 4430 animalium
630 4373 772 4430 utantur.
812 4367 857 4430 Et
871 4372 907 4430 ut
920 4366 986 4430 litis
999 4365 1033 4430 in
1046 4374 1208 4448 posterum
1227 4369 1357 4432 tollatur
1377 4371 1511 4446 occasio,
1526 4371 1610 4434 dicte
1630 4373 1791 4438 communi

427 4493 580 4559 terminos
598 4511 655 4577 per
674 4495 734 4560 bas
753 4495 870 4560 divisas
889 4497 976 4563 iacta
995 4497 1086 4580 pejus
1106 4497 1179 4563 inde
1200 4499 1342 4581 diligenti
1371 4499 1611 4583 inquisicionem
1629 4521 1687 4585 per
1706 4503 1791 4570 viros

429 4620 591 4706 religiosos
614 4630 648 4690 st
677 4623 740 4690 fide
767 4624 878 4708 dignos
905 4625 1051 4694 duximus
1053 4673 1128 4694 ......
1132 4628 1251 4696 clarere
1279 4628 1422 4697 videlicet
1452 4649 1608 4720 amagna
1636 4633 1711 4716 pola
1737 4631 1793 4702 nti
