3986 5502
908 1047 973 1114 ct.

341 1174 649 1244 comneno
669 1173 874 1242 nossem
893 1173 988 1240 GAM
1008 1173 1237 1242 nonnemo
1257 1175 1318 1240 nn
1339 1174 1533 1242 Menneu.

330 1287 340 1304 ⁰
807 1305 967 1386 [Pnnmon
988 1307 1074 1386 nse]

294 1439 364 1521 Ego
384 1439 528 1502 Monotes
548 1436 634 1500 filine
654 1437 810 1500 Momm
823 1444 857 1501 et
870 1436 984 1501 iretms
1003 1437 1067 1501 moi
1086 1437 1210 1502 Lenem
1229 1445 1263 1501 et
1283 1437 1398 1503 owsm
1418 1435 1560 1502 oonoessi
1578 1435 1626 1502 eis

255 1569 376 1634 soilioet
395 1567 560 1634 monoohis
579 1567 663 1650 quod
682 1567 826 1632 dooetoro
846 1587 911 1631 non
931 1567 1052 1633 vexebo
1071 1585 1126 1633 eos
1146 1585 1205 1632 nso
1224 1566 1394 1650 impediam
1406 1565 1446 1630 de
1466 1585 1549 1650 equo
1568 1583 1628 1630 suo

256 1699 297 1762 de
326 1700 440 1762 Auso
470 1705 527 1762 ent
555 1696 672 1781 eliqnid
702 1697 817 1780 injurie
844 1703 957 1762 contre
986 1716 1041 1762 eos
1070 1695 1186 1762 faeiem
1215 1702 1272 1762 eut
1298 1695 1367 1761 fleri
1386 1695 1569 1778 permittam
1589 1701 1622 1760 et

255 1829 341 1911 quod
366 1848 441 1894 oves
470 1847 580 1892 eorum
607 1827 648 1891 do
675 1819 808 1910 nestore
836 1847 902 1891 non
931 1827 1083 1892 amovebo
1113 1832 1169 1890 snt
1198 1825 1337 1891 amoveri
1363 1824 1549 1908 pet-mittem
1568 1843 1627 1908 pro

255 1959 365 2041 otique
397 1979 494 2023 oense
526 1963 583 2022 sut
616 1958 664 2022 ire
692 1977 788 2040 quem
821 1977 896 2041 ergo
922 1957 1080 2040 preietem
1112 1957 1242 2021 domum
1270 1954 1420 2020 bebuem.
1443 2033 1448 2044 1
1479 1955 1628 2020 Preterse

255 2089 422 2153 wiondnm
450 2089 534 2172 qood
554 2108 609 2153 eos
638 2107 704 2153 non
723 2089 844 2154 vexsbo
863 2109 923 2154 neo
943 2087 1172 2173 impediendo
1192 2088 1285 2154 terris
1305 2087 1371 2154 suis
1390 2087 1530 2154 colendis
1549 2102 1629 2168 qnos

255 2219 378 2282 hebent
407 2218 442 2280 in
471 2218 563 2282 feodo
592 2219 677 2283 Nov1
698 2217 860 2284 Oeennnm
880 2218 1031 2302 quamdin
1051 2219 1155 2300 ipsum
1174 2219 1296 2283 Noton
1316 2217 1512 2284 cosmon
1533 2217 1628 2281 inerit

256 2355 350 2412 extro
360 2343 491 2411 menum
503 2369 607 2412 meam
626 2349 747 2413 seilioet
766 2349 806 2413 de
825 2368 877 2413 mo
897 2349 983 2412 etde
1001 2347 1081 2412 meis
1100 2348 1225 2413 firmam
1243 2367 1354 2431 penem
1372 2349 1535 2431 habebunt
1554 2348 1628 2412 lieet

255 2499 331 2542 oum
361 2480 431 2542 eliis
459 2499 516 2560 pro
543 2441 685 2561 prodi'oto
706 2481 798 2544 Novo
818 2478 987 2544 Ossnnnno
1008 2499 1153 2560 guerram
1171 2479 1285 2545 ionem.
1326 2479 1462 2562 Insuper
1481 2484 1514 2542 et
1534 2495 1631 2559 snpre

254 2611 442 2674 senetnerie
480 2610 582 2672 eidem
612 2610 743 2673 eoelesie
772 2610 875 2692 jurevi
900 2609 984 2692 quod
1014 2627 1073 2690 ego
1106 2615 1139 2672 et
1173 2608 1305 2673 heredes
1337 2609 1400 2672 mei
1429 2608 1489 2672 heo
1521 2605 1630 2672 omnib

254 2741 393 2804 fideliter
419 2747 452 2804 ot
480 2742 599 2822 absquo
639 2739 713 2804 dolo
751 2740 906 2805 tenebunt
935 2746 969 2805 et
1002 2739 1134 2821 protetio
1176 2739 1340 2803 monachis
1369 2743 1481 2804 oontro
1516 2753 1626 2801 omnes

255 2871 402 2935 homines
421 2891 479 2953 pro
498 2890 591 2952 posse
611 2877 721 2934 noetno
740 2869 1052 2936 warentizebimuns.
1098 2869 1205 2954 Hujus
1226 2868 1360 2935 testibus
1380 2869 1542 2936 Omemt
1562 2866 1628 2932 elio

257 3003 369 3066 cnseo
391 3001 552 3066 Rnonsos
573 3008 606 3065 et
627 3001 736 3065 Bmm.

910 3253 985 3320 GVI

469 3379 606 3446 GABTA
627 3379 875 3445 wmnmm
894 3381 1096 3448 EPISGOPI
1116 3383 1429 3450 LANDAVBNSIS.

730 3511 860 3592 [nim
883 3511 986 3576 Oeen:
1008 3513 1048 3576 tt
1067 3529 1088 3574 s
1110 3513 1158 3575 16.
1360 3513 1590 3580 (imos-1220.

302 3645 353 3706 W.
384 3641 447 3706 Dei
476 3642 578 3724 gretie
608 3643 837 3706 hennenses
867 3641 1034 3725 episeopus
1063 3643 1293 3708 erohidiooonis
1327 3643 1456 3710 deoenis
1488 3643 1631 3728 personis

261 3773 386 3838 vicariis
416 3772 517 3836 totius
542 3771 675 3836 diocesis
703 3791 759 3835 sne
780 3771 821 3836 ed
842 3791 920 3854 quos
949 3779 1112 3854 presentes
1141 3773 1247 3837 littere
1276 3775 1476 3856 pervenerint
1497 3775 1633 3838 odotem

261 3903 398 3984 gratim
428 3907 461 3965 et
488 3899 750 3966 benedictionem.
801 3899 846 3963 Et
874 3899 903 3963 ei
931 3899 1076 3964 omnibns
1104 3898 1138 3962 in
1165 3909 1277 3966 nostro
1303 3903 1486 3967 eonstitotis
1512 3901 1633 3966 ditione

262 4039 406 4096 nostram
438 4051 496 4113 pro
529 4032 649 4114 junbne
683 4031 802 4096 nostris
835 4030 1006 4096 debenmne
1039 4030 1256 4097 defensionem
1290 4031 1419 4097 domum
1452 4037 1561 4096 temen
1593 4030 1634 4094 de

262 4165 406 4226 Minoes
434 4161 553 4226 intuitu
580 4162 738 4245 religionis
758 4181 818 4245 qne
838 4162 872 4225 in
892 4181 932 4226 ee
950 4160 1079 4227 domino
1108 4167 1298 4244 oooperente
1327 4161 1437 4225 florere
1461 4159 1635 4226 dinoscitur

265 4293 393 4376 speoinii
421 4291 640 4374 empleotimue
667 4292 834 4357 dilectione
859 4297 893 4356 et
921 4292 1020 4358 servis
1040 4292 1092 4356 dei
1111 4291 1147 4356 in
1166 4311 1207 4356 ee
1225 4289 1354 4355 domino
1373 4288 1583 4354 militantibus
1602 4296 1636 4354 et

265 4422 516 4506 possessionibus
546 4441 654 4487 eorum
683 4441 763 4505 ques
790 4421 877 4487 intre
904 4427 1049 4486 nostram
1075 4422 1196 4486 hebent
1216 4419 1366 4486 diocesim
1385 4425 1543 4503 quotenus
1561 4437 1633 4501 poe

266 4573 375 4617 sumus
395 4553 510 4635 ubique
529 4573 586 4635 per
605 4571 665 4616 noe
678 4559 711 4617 et
724 4559 850 4617 nostroe
870 4552 1076 4635 preteetionie
1090 4559 1123 4618 et
1137 4551 1280 4617 custodie
1299 4551 1468 4636 epeoiolem
1487 4549 1633 4616 volumus

270 4684 417 4751 exhibete
438 4684 583 4767 gratim
617 4683 698 4752 Inde
718 4683 872 4768 estquod
892 4683 1128 4751 universitatem
1150 4689 1289 4764 votnm
1308 4682 1342 4750 in
1362 4681 1463 4747 solum
1483 4675 1637 4745 attentius
