3932 5498
940 1030 1106 1095 Eunoen.

377 1161 582 1246 Aqnietancia
610 1165 643 1226 ei
673 1159 826 1226 resolucio
854 1159 1006 1224 reddibus.
1068 1157 1159 1222 Idem
1186 1163 1350 1240 computat
1380 1157 1414 1222 in
1443 1157 1660 1244 ecqnietencia
1687 1153 1716 1240 ii,

335 1293 503 1358 beliiorum
522 1293 594 1356 ville
614 1290 654 1356 de
674 1291 825 1354 Kennnn·
845 1289 886 1353 ad
906 1290 1058 1354 terminos
1080 1289 1189 1352 Sancti
1208 1290 1371 1353 Jonerrre
1390 1289 1529 1371 baptiste
1549 1296 1582 1352 ea
1604 1289 1712 1353 Sancti

338 1424 525 1506 Mronenme
544 1421 589 1503 iiij
602 1440 627 1486 e.
669 1421 714 1484 Et
733 1421 768 1483 in
788 1419 914 1483 redditu
932 1417 1073 1482 resoluto
1093 1417 1209 1482 abbate
1230 1425 1263 1481 ei
1284 1425 1442 1484 convenio
1461 1419 1502 1482 de
1522 1421 1646 1484 Nom
1673 1420 1712 1483 de

337 1555 419 1618 xxii.
450 1555 520 1635 iiie.
550 1552 668 1616 eiedem
697 1550 806 1614 abbati
824 1556 858 1613 eb
878 1548 1048 1613 conventui
1076 1548 1247 1630 assignatio
1267 1550 1301 1612 in
1321 1550 1398 1614 villa
1416 1549 1457 1613 de
1478 1549 1630 1613 Kannom
1657 1569 1713 1631 per

336 1679 551 1750 antecessores
570 1682 703 1765 predicti
724 1680 857 1747 comitio
876 1699 933 1761 pro
953 1679 1112 1742 escambio
1132 1679 1328 1760 quarundem
1349 1693 1505 1744 terrerum
1517 1682 1552 1744 in
1570 1681 1712 1764 partibor

336 1815 376 1879 de
396 1817 517 1880 Nnnrn
536 1815 598 1877 xli.
620 1815 695 1894 xviij
706 1811 738 1876 d.
781 1811 911 1875 Summa
930 1810 993 1874 xli.
1015 1829 1070 1874 ve.
1092 1808 1167 1890 vid.

377 1947 495 2010 eustos
515 1942 779 2006 Molondinorum.
822 1939 913 2002 Idem
933 1945 1097 2019 computat
1117 1938 1151 2000 in
1165 1957 1273 2019 grosso
1293 1941 1463 2006 moeremio
1481 1939 1711 2024 proebernendo

336 2076 370 2139 in
389 2075 494 2138 boecie
513 2080 545 2138 ei
565 2073 755 2155 propriando
774 2077 807 2134 eb
828 2069 963 2150 cariagio
984 2069 1125 2151 ejusdem
1146 2089 1167 2133 a
1186 2070 1289 2133 boscis
1317 2091 1417 2153 neque
1445 2073 1628 2136 molendina
1657 2091 1713 2154 pro

335 2203 559 2270 emendacione
579 2201 832 2265 molendinorum
850 2199 967 2263 ibidem
985 2217 1039 2262 ve.
1081 2198 1126 2260 Et
1146 2199 1180 2260 in
1193 2199 1416 2264 emendacione
1430 2201 1544 2265 domne
1557 2202 1713 2266 dictorum

334 2333 586 2398 molendinorum
605 2338 699 2412 prout
719 2349 847 2392 neoceee
867 2329 926 2392 ruit
947 2335 984 2391 ub
996 2329 1030 2391 in
1051 2328 1274 2392 emendacione
1293 2351 1455 2394 murorum
1475 2337 1508 2397 eb
1530 2341 1714 2416 cooperiore

335 2464 496 2548 peridem
515 2471 641 2546 tempus
661 2461 755 2526 simol
783 2480 856 2524 oum
883 2479 993 2523 musco
1026 2461 1159 2524 couccro
1188 2461 1229 2524 ad
1257 2462 1342 2525 idom
1372 2463 1488 2544 xviijd.
1529 2463 1574 2528 Ea
1595 2463 1629 2526 in
1651 2483 1714 2528 nno

336 2593 442 2659 insilio
462 2593 661 2658 emendando
681 2593 797 2656 ibidem
817 2591 912 2654 simul
932 2611 1004 2654 curn
1025 2592 1107 2654 ierro
1138 2598 1245 2673 empto
1266 2593 1307 2656 ad
1326 2592 1412 2656 idem
1444 2613 1501 2676 per
1535 2601 1601 2658 eree
1630 2594 1717 2659 vicen

337 2726 398 2808 ije.
441 2729 484 2790 Et
503 2725 538 2788 in
557 2723 662 2787 ioeillo
682 2723 812 2786 alteriue
832 2722 1004 2786 molendini
1024 2723 1141 2786 ibidem
1167 2725 1365 2788 emendando
1395 2744 1451 2806 per
1478 2725 1564 2789 idem
1588 2732 1713 2807 tempus

338 2854 413 2939 xviij
425 2855 457 2918 d.
498 2855 543 2918 Ei
556 2853 590 2916 in
609 2852 694 2917 billis
713 2852 870 2915 dictorum
889 2852 1141 2915 molendinorum
1161 2852 1312 2917 acuendis
1325 2862 1358 2917 et
1372 2855 1536 2919 acerandia
1555 2857 1715 2938 peridem

337 2990 463 3069 bempoe
492 2984 562 3066 iije.
604 2983 649 3046 Et
669 2983 703 3046 in
723 2982 846 3046 duobne
876 2983 1015 3044 molariie
1043 2983 1159 3063 emptio
1179 2983 1220 3046 ad
1240 2984 1422 3048 molendina
1451 2986 1593 3068 predicta
1621 2987 1714 3050 eimol

337 3115 566 3198 cumccricgn
586 3113 758 3179 eorundem
779 3113 833 3195 xiij
845 3133 871 3176 e.
892 3113 945 3194 viij
956 3113 988 3177 d.
1032 3113 1162 3178 Summa
1181 3116 1255 3195 xxvj
1267 3135 1293 3178 e.
1315 3116 1368 3198 viij
1380 3117 1412 3181 d.

376 3243 493 3310 (ineius
505 3245 648 3327 pieoerie.
690 3244 782 3306 Idem
795 3250 958 3324 comparor
972 3244 1006 3305 in
1019 3245 1149 3309 divereia
1163 3247 1312 3326 operariis
1332 3246 1445 3312 locabis
1459 3248 1501 3312 ad
1514 3255 1713 3331 prosternen-

337 3377 414 3440 dum
434 3380 467 3438 et
487 3373 697 3455 colligendum
716 3372 819 3454 virgae
840 3380 872 3436 eb
893 3373 978 3436 eliud
997 3375 1201 3438 moeremium
1220 3376 1255 3437 in
1275 3376 1370 3439 boeco
1391 3379 1517 3461 proprio
1537 3375 1579 3444 ed
1607 3399 1711 3463 repar-

338 3505 479 3572 eoionem
510 3505 668 3586 gurgitum
687 3503 721 3566 in
742 3523 825 3585 equa
844 3503 883 3566 de
904 3504 992 3566 Tm
1011 3511 1044 3568 eb
1064 3504 1099 3567 in
1120 3505 1285 3587 stipendiis
1304 3507 1476 3572 eorundem
1503 3510 1716 3590 operariorum

340 3633 603 3758 prosdeiectubue
623 3632 779 3694 dictorum
800 3632 958 3714 gurgitum
978 3633 1184 3697 emendandis
1212 3654 1269 3716 per
1288 3635 1358 3699 loca
1378 3637 1419 3700 ad
1440 3637 1585 3702 beccham
1613 3641 1677 3722 lxv]¹
1689 3661 1715 3705 e.

339 3769 394 3851 viij
406 3767 437 3832 d.
480 3767 525 3830 nt
545 3764 580 3828 in
599 3782 666 3827 una
684 3762 804 3826 bateiie
823 3769 931 3842 empta
949 3782 1007 3845 pro
1027 3763 1138 3826 eedem
1157 3763 1293 3846 piscaria
1313 3766 1406 3830 simul
1426 3785 1499 3831 cnm
1518 3788 1585 3834 nna
1603 3777 1718 3836 cetena

340 3899 442 3964 ferrea
461 3901 570 3978 empta
589 3894 621 3975 xj
634 3911 659 3958 e.
680 3893 753 3974 vjd.
796 3893 927 3956 Summa
947 3892 1054 3974 lxxviii
1067 3911 1094 3956 a.
1115 3894 1137 3974 ij
1147 3895 1179 3958 d.

379 4031 499 4094 Omine
529 4022 636 4089 casiri.
687 4025 730 4086 lde
759 4021 793 4084 in
824 3989 989 4104 stipendiis
1018 4023 1152 4086 duorum
1182 4025 1451 4106 carpentariorum
1480 4031 1717 4098 emendantium

340 4159 482 4224 deiecine
501 4156 668 4220 domorum
687 4153 722 4216 in
741 4153 852 4216 eodem
872 4159 978 4216 oaeiro
997 4160 1092 4217 venio
1111 4153 1380 4236 discoopertamm
1399 4163 1433 4221 eb
1452 4157 1593 4224 deiecbne
1612 4164 1715 4244 eujus·

340 4289 415 4352 dem
434 4285 541 4368 pontis
566 4301 675 4349 verene
704 4282 816 4347 turrim
835 4301 892 4363 per
911 4302 953 4345 xv
972 4281 1041 4346 dice
1060 4303 1081 4344 x
1092 4301 1118 4346 e.
1160 4285 1203 4347 Et
1228 4283 1262 4346 in
1281 4285 1367 4348 mille
1392 4287 1533 4353 oendnlie
1561 4290 1655 4355 noris
1675 4293 1716 4358 de

339 4415 509 4482 maeremio
528 4413 650 4477 domini
663 4412 704 4476 ad
718 4413 864 4477 toscham
883 4430 940 4478 ve.
981 4412 1026 4475 Er
1039 4411 1073 4474 in
1086 4412 1222 4496 canogio
1242 4414 1413 4480 eorundem
1425 4417 1466 4480 de
1479 4418 1575 4484 boeoo
1594 4421 1715 4486 domini

340 4565 440 4630 oeqm
458 4541 501 4610 ed
521 4550 661 4609 castrum
682 4544 734 4608 xd.
775 4545 820 4606 Ei
848 4543 882 4606 in
910 4543 995 4607 mille
1016 4544 1115 4608 clavia
1140 4545 1255 4625 emptio
1273 4563 1331 4628 pro
1359 4547 1471 4611 eodem
1489 4517 1574 4615 md.
1614 4553 1660 4616 Ea
1680 4553 1716 4616 in

339 4673 470 4758 plumbo
498 4679 634 4756 stangno
662 4679 695 4738 eb
726 4691 803 4755 cepo
834 4673 948 4756 emptio
975 4691 1033 4756 pro
1063 4675 1286 4745 emendacione
1314 4685 1498 4762 cooperante
1526 4683 1622 4749 rnre
1651 4703 1714 4768 qne
