3986 5502
407 999 480 1063 dedi
500 999 641 1064 concessi
660 1001 694 1065 et
714 997 778 1062 hec
795 997 936 1080 presenti
955 999 1046 1062 certe
1063 1014 1137 1061 mes
1155 994 1339 1061 confirmsvi
1367 993 1553 1086 Wmunusro
1572 994 1603 1059 le
1622 993 1725 1060 mm
1745 1002 1781 1062 st

407 1127 550 1193 Hsvrsm
570 1129 661 1194 uxori
680 1129 749 1211 ejus
769 1135 803 1193 et
822 1149 933 1192 eorum
960 1127 1128 1194 heredious
1157 1135 1294 1212 qustnor
1318 1145 1409 1192 sorus
1437 1131 1520 1192 terre
1549 1125 1679 1193 stabilis
1704 1143 1779 1193 oum

408 1259 475 1326 suis
495 1257 698 1342 pertinenciis
712 1259 746 1321 in
759 1257 853 1322 ieodo
865 1257 906 1321 de
918 1258 1106 1335 Leonum
1121 1259 1262 1337 Quorum
1281 1275 1427 1322 sororum
1445 1255 1510 1322 duc
1529 1274 1601 1322 sore
1625 1254 1781 1338 isocntin

406 1391 532 1456 culture
552 1409 612 1475 qne
632 1396 764 1455 vocetur
783 1389 982 1456 Bmsnssrss
1003 1390 1097 1472 cujus
1113 1409 1214 1453 unum
1233 1387 1337 1470 cepnd
1357 1386 1460 1454 tendit
1486 1367 1597 1454 versus
1624 1386 1781 1453 oricum

409 1543 504 1606 super
523 1529 641 1586 terrem
666 1519 785 1584 domini
814 1519 976 1584 Jossnms
996 1519 1037 1582 ds
1057 1518 1251 1584 Usrssvnn
1272 1524 1305 1583 et
1325 1517 1412 1582 stud
1435 1515 1539 1601 cspud
1564 1535 1675 1584 verum
1698 1517 1782 1583 ccci·

406 1654 535 1717 dentem
549 1669 643 1732 super
662 1655 780 1713 terrum
800 1649 938 1714 anrcn
951 1650 982 1713 le
995 1649 1093 1715 coss·
1108 1655 1141 1714 et
1154 1669 1221 1714 uns
1240 1669 1316 1714 sors
1334 1649 1417 1716 iscet
1430 1648 1602 1715 incultum
1621 1656 1704 1715 terre
1717 1667 1782 1733 que

403 1791 535 1849 vocetur
554 1781 762 1845 Bsrnessnsn
774 1779 866 1862 cuins
877 1799 978 1844 unum
997 1779 1101 1862 cspud
1120 1780 1226 1845 tendit
1243 1801 1354 1846 versus
1373 1781 1528 1846 orientem
1548 1800 1643 1864 super
1661 1788 1784 1846 terrum

404 1930 466 1996 que
485 1917 617 1974 vocetur
649 1910 872 1974 cnonosuvnr
891 1916 924 1973 et
945 1909 1031 1973 eliud
1059 1910 1162 1992 cspud
1193 1909 1296 1974 tendit
1323 1929 1435 1975 versus
1464 1911 1660 1976 occidentem
1687 1929 1789 1994 super

408 2049 528 2110 terrum
548 2042 677 2106 Hownn
697 2041 856 2106 Teoscou
869 2047 902 2105 et
915 2061 982 2104 uns
1001 2061 1077 2106 scre
1094 2041 1180 2124 jscet
1193 2041 1228 2105 iu
1241 2043 1366 2106 culture
1386 2061 1447 2125 que
1467 2047 1599 2108 vocetur
1618 2043 1787 2110 Hssnsss

404 2174 498 2256 cujus
517 2193 617 2237 unum
636 2171 740 2254 cspud
760 2171 863 2236 tendit
883 2191 993 2236 versus
1013 2173 1166 2237 orientem
1186 2193 1281 2256 super
1300 2180 1419 2238 terrum
1446 2177 1566 2257 [quem]
1594 2175 1730 2240 Bessos
1750 2175 1787 2242 Io

407 2305 507 2371 Oonn’
528 2303 689 2386 quondum
702 2303 806 2368 tenuit
819 2311 852 2368 et
865 2304 952 2368 eliud
965 2303 1068 2386 cepud
1081 2323 1191 2368 versus
1204 2304 1401 2370 occidentem
1414 2324 1509 2387 nuper
1521 2313 1640 2370 terrum
1658 2305 1679 2370 J
1680 2321 1784 2370 om·

406 2453 461 2500 rus
474 2435 565 2498 Fss’.
612 2435 804 2498 Hubendsm
817 2441 851 2500 et
864 2435 1035 2500 tenendum
1058 2442 1162 2500 totam
1181 2435 1358 2519 predictam
1375 2443 1494 2501 terrem
1506 2435 1547 2500 de
1559 2456 1611 2501 me
1634 2441 1668 2501 et
1693 2436 1787 2502 here·

402 2565 494 2630 dibus
504 2566 583 2630 meis
596 2567 646 2630 vel
656 2566 736 2630 meis
746 2565 916 2648 sseigustis
929 2567 1015 2631 dicto
1029 2567 1217 2631 wnnsnuo
1230 2574 1263 2632 et
1278 2567 1421 2631 Hsvrsnr
1435 2587 1533 2632 uxore
1546 2567 1616 2648 ejus
1630 2573 1787 2632 eteorum

404 2697 574 2760 heredibus
588 2697 686 2761 libere
712 2696 817 2778 quiete
836 2697 919 2760 bene
944 2696 1075 2779 pscifice
1095 2697 1216 2778 integre
1235 2695 1305 2778 jure
1324 2695 1516 2762 hereditorio
1533 2696 1567 2760 in
1584 2703 1788 2779 perpetuum.

412 2826 586 2891 Beddendo
606 2826 678 2890 inde
700 2827 867 2891 ennustim
886 2825 948 2908 ipsi
977 2825 1102 2889 divisim
1122 2827 1172 2891 vei
1191 2826 1388 2908 conjunctim
1406 2827 1458 2892 vel
1477 2826 1610 2892 heredes
1630 2833 1664 2892 et
1685 2828 1786 2912 essig-

408 2957 481 3021 nsti
511 2957 651 3039 predicti
680 2957 859 3021 Wmusnsn
886 2962 919 3020 et
949 2955 1057 3020 uxoris
1086 2954 1156 3036 ejus
1183 2955 1263 3020 mihi
1282 2964 1315 3020 et
1335 2955 1503 3021 nuscum
1522 2957 1603 3022 meis
1623 2957 1674 3023 vel
1703 2957 1788 3024 meis

407 3087 578 3169 assignetis
597 3105 697 3151 unum
717 3085 882 3150 denarium
902 3083 944 3150 ed
963 3083 1081 3148 testum
1112 3084 1221 3149 Ssncti
1252 3085 1442 3151 Mrcmms
1460 3105 1519 3168 pro
1537 3086 1625 3152 omni
1651 3087 1791 3154 crude

406 3216 564 3280 curiarum
583 3217 714 3280 heristis
733 3217 849 3281 wurdis
873 3216 997 3280 releviis
1025 3223 1058 3281 et
1085 3216 1268 3282 omnimodo
1297 3217 1369 3282 eliis
1399 3219 1591 3283 secularibus
1618 3219 1788 3287 demendis

315 3419 317 3426 ¹
406 3346 535 3428 quode
562 3347 668 3429 ulique
693 3355 785 3428 purte
811 3353 894 3412 terre
924 3346 1075 3428 [predicte
1095 3346 1205 3411 heberi
1224 3350 1409 3430 potuerunt]
1437 3347 1499 3412 Pro
1532 3348 1594 3414 heo
1613 3349 1789 3417 deuotione

407 3477 609 3540 concessione
643 3484 676 3542 et
709 3485 856 3559 presente
877 3483 964 3542 curte
991 3496 1061 3542 mee
1090 3477 1330 3543 confirmatione
1359 3475 1514 3544 dederunt
1543 3477 1622 3545 mihi
1654 3479 1793 3561 predicti

408 3606 606 3672 Wmumsrus
620 3614 653 3670 et
676 3607 817 3670 Hsvrsm
837 3615 967 3671 centum
987 3607 1105 3671 solidos
1125 3605 1346 3688 sterlingorum
1365 3606 1578 3688 prensnibns.
1619 3609 1688 3689 Ego
1707 3627 1788 3677 voro

402 3737 563 3822 predictus
596 3736 767 3800 Joemnns
786 3741 819 3800 et
839 3735 971 3800 heredes
991 3735 1043 3800 vel
1070 3734 1224 3818 essignsti
1256 3736 1321 3801 mei
1352 3735 1511 3819 predictus
1544 3745 1681 3820 quotuor
1694 3757 1790 3808 eoru

405 3887 479 3934 cum
498 3866 644 3931 omnibns
676 3865 880 3948 pertinenciis
899 3865 964 3930 suis
984 3865 1133 3948 predictis
1158 3867 1345 3931 Wmnnnsso
1364 3874 1398 3930 et
1418 3867 1560 3931 Hevrsnr
1593 3868 1686 3936 uxori
1716 3869 1793 3952 eins

405 3997 456 4064 vel
476 4015 585 4062 eorum
605 3993 775 4076 assignetis
802 3995 944 4076 ejusdem
963 4001 1077 4059 contre
1096 4013 1206 4059 omnes
1225 3994 1370 4058 hemines
1390 4001 1423 4060 et
1442 3996 1598 4062 toeminns
1617 4003 1791 4068 eruentis·

407 4128 531 4194 obimus
559 4129 626 4208 [et]
654 4123 902 4206 acquietabimus
932 4121 966 4187 in
994 4129 1192 4206 perpetuum.
1242 4124 1288 4189 ut
1306 4130 1345 4189 ut
1369 4123 1429 4188 hec
1454 4125 1586 4191 donstio
1613 4132 1788 4199 concessio
1849 4165 1857 4174 ·

402 4266 437 4328 et
455 4263 603 4342 presente
632 4261 723 4320 csrts
750 4273 823 4320 mee
842 4253 1040 4320 condrmstio
1060 4261 1130 4320 rste
1150 4254 1281 4320 stabiles
1299 4253 1334 4318 in
1353 4261 1541 4338 perpetuum
1572 4269 1792 4340 permsussnt

404 4389 489 4452 hunc
510 4395 632 4450 certum
652 4384 744 4467 sigilli
764 4383 826 4448 mei
845 4383 1050 4466 impressione
1069 4383 1223 4450 mborsvi.
1266 4373 1340 4448 Hiis
1364 4384 1500 4450 testibus
1528 4385 1684 4454 Heremo
1710 4391 1790 4456 Grr'

404 4517 525 4583 Jos'ss
538 4515 742 4598 spHowsnn
775 4515 935 4582 cnssmsn
948 4513 988 4580 de
1002 4515 1125 4581 Pssmu
1164 4513 1332 4582 Msumcso
1346 4513 1476 4580 crsuoo
1509 4511 1638 4581 Hom
1652 4516 1792 4590 (tesnoo

408 4653 442 4714 et
471 4645 581 4712 mults
600 4645 681 4714 eliis.
