3996 5494
440 753 497 818 164

396 1053 562 1120 demands.
616 1054 705 1134 Quod
719 1075 759 1120 ne
773 1055 805 1120 in
819 1061 979 1139 posterum
1005 1059 1168 1126 devotetur
1187 1061 1220 1126 in
1240 1060 1371 1148 dubium
1390 1061 1464 1126 huie
1484 1061 1623 1145 presenti
1642 1063 1764 1145 scripto

395 1184 532 1266 sigillum
551 1205 657 1250 meum
676 1205 742 1252 une
761 1205 834 1252 eum
863 1188 963 1270 sigillo
992 1191 1131 1271 predicte
1157 1184 1253 1256 Alisie
1282 1193 1394 1257 metris
1412 1213 1482 1258 mee
1502 1199 1551 1258 est
1574 1211 1761 1274 appensum.

395 1314 469 1380 Hiis
502 1315 637 1380 testibus
672 1317 839 1382 Wsnrnro
868 1318 909 1382 de
938 1319 1046 1384 Eunus
1074 1321 1231 1385 Psmrro
1255 1321 1346 1384 Pina
1374 1322 1540 1387 wintino
1574 1323 1614 1386 ds
1647 1323 1761 1387 Cossu

394 1444 552 1509 anrrro
571 1446 731 1512 Tarteson
769 1447 887 1511 suom
906 1447 1019 1512 Inuus
1059 1448 1229 1514 Nrsnonso
1249 1450 1288 1514 de
1306 1451 1463 1516 Passim
1501 1452 1649 1518 Bromio
1668 1453 1762 1520 Bux-

395 1590 480 1638 nonn
520 1575 676 1639 Rosnsro
695 1576 725 1639 le
745 1575 895 1640 smum
914 1582 948 1640 et
968 1576 1048 1642 eliis.
1117 1637 1119 1642 ,

970 1849 1184 1915 cnxxxm.

444 1977 583 2046 cARss
604 1977 822 2044 STEPHANI
843 1979 904 2044 DE
926 1979 1003 2045 ΒΤΟ
1024 1979 1219 2046 HYLABIO
1240 1979 1413 2045 MYIsONI
1433 1979 1494 2044 DE
1515 1979 1707 2044 susum.

857 2111 962 2194 [Arm
984 2111 1111 2175 Ouarar:
1134 2113 1183 2174 24.
1205 2112 1294 2192 271.]
1406 2181 1413 2198 .
1628 2111 1717 2174 1272.

432 2239 542 2305 Seiaut
562 2246 630 2304 tum
649 2247 812 2323 presentes
831 2261 927 2322 quam
946 2239 1043 2304 futuri
1062 2240 1146 2322 quod
1166 2260 1222 2322 ego
1254 2240 1504 2306 sinemurus
1526 2240 1650 2305 smero
1670 2240 1759 2302 ΗΠ.-

391 2388 487 2434 mmo
512 2370 584 2434 dedi
604 2377 637 2434 et
665 2372 806 2434 concessi
831 2378 863 2435 et
883 2371 944 2434 hae
971 2371 1111 2453 presenti
1135 2379 1225 2434 certa
1244 2391 1317 2435 mes
1346 2371 1528 2435 confirmavi
1558 2372 1691 2435 Mrnoru
1720 2372 1761 2436 de

391 2499 614 2564 marmiren
646 2517 737 2564 aeres
766 2507 847 2564 terre
873 2501 1001 2564 erabilis
1027 2521 1106 2583 quse
1132 2501 1229 2564 habui
1253 2501 1288 2562 in
1315 2501 1407 2564 feodo
1432 2500 1471 2564 de
1497 2501 1653 2564 minoen
1677 2502 1760 2565 inire

392 2630 550 2693 uultursm
570 2649 630 2710 que
650 2635 779 2692 vocatur
798 2629 998 2693 mensori
1019 2650 1080 2710 que
1100 2631 1205 2694 issent
1224 2631 1308 2693 inter
1327 2631 1411 2695 viam
1436 2632 1573 2712 regalem
1593 2651 1653 2713 que
1672 2631 1759 2694 dusit

392 2779 501 2826 versus
529 2761 686 2822 Psussmr
706 2766 739 2823 et
767 2764 885 2822 terram
909 2760 986 2823 disti
1015 2761 1166 2824 Mrnorus
1193 2780 1250 2842 pro
1275 2762 1398 2824 duabus
1422 2762 1537 2824 mareis
1567 2767 1599 2825 et
1629 2761 1760 2825 dimidie

393 2890 634 2972 osterlingorum
653 2889 731 2952 mihi
761 2890 795 2951 in
824 2889 948 2971 urgenti
976 2889 1101 2970 negotio
1128 2909 1199 2952 meo
1228 2891 1429 2971 premsnibus
1456 2893 1633 2972 persolutis.
1694 2895 1761 2958 He·

392 3019 531 3085 bendum
553 3029 586 3085 et
606 3020 777 3084 tenendam
810 3020 869 3084 eibi
902 3027 935 3084 et
968 3020 1136 3083 heredibus
1168 3021 1234 3085 suis
1264 3022 1315 3086 vel
1348 3022 1413 3084 suis
1444 3023 1613 3104 assignatis
1647 3024 1687 3088 de
1707 3046 1758 3090 ms

390 3157 423 3214 et
449 3151 617 3216 heredibus
643 3152 723 3215 meis
752 3149 848 3214 libers
870 3156 902 3214 et
936 3151 1040 3233 quiete
1067 3151 1189 3232 integre
1223 3159 1255 3214 et
1273 3151 1353 3214 bene
1373 3152 1407 3213 in
1426 3171 1504 3232 pase
1538 3161 1571 3215 et
1591 3154 1759 3221 honorifice

391 3282 426 3346 in
446 3282 592 3344 omnibus
610 3281 688 3345 loeis
709 3301 781 3344 sum
802 3281 947 3344 omnibus
982 3280 1178 3344 aisiamentis
1207 3281 1406 3343 libertatibus
1434 3289 1466 3344 et
1492 3282 1597 3346 liberis
1627 3303 1757 3348 eonsue-

388 3408 550 3472 tudinibus
570 3407 653 3470 diste
673 3415 755 3472 terre
774 3407 1003 3489 pertinentibus
1023 3407 1073 3470 vel
1093 3408 1249 3488 pertinens
1269 3409 1450 3489 potentibus
1470 3411 1588 3492 absque
1607 3414 1673 3476 ullo
1694 3417 1756 3479 mei

389 3539 441 3603 vel
460 3536 612 3600 heredum
641 3540 814 3616 [meorum]
842 3545 1068 3601 retenemento.
1115 3537 1287 3600 Reddenda
1315 3538 1388 3600 inde
1418 3541 1583 3602 annuatim
1611 3542 1650 3605 de
1670 3563 1706 3608 es
1726 3553 1758 3608 et

386 3666 553 3732 heredibus
573 3665 639 3728 suis
663 3665 714 3728 rel
739 3664 804 3728 suis
832 3665 1001 3748 assignatis
1026 3666 1154 3728 domino
1179 3665 1307 3747 capitali
1332 3666 1385 3747 qui
1412 3686 1470 3747 pro
1495 3675 1636 3748 tempore
1660 3671 1755 3738 fuerit

390 3815 504 3861 novem
524 3793 670 3857 denarios
690 3793 731 3856 sd
751 3792 830 3857 duos
850 3794 926 3857 enni
946 3793 1097 3856 terminos
1116 3793 1260 3856 videlieet
1274 3793 1315 3857 ed
1328 3795 1444 3856 festum
1463 3796 1548 3860 beati
1570 3799 1759 3866 Miomsm

390 3934 526 4011 quatuor
539 3922 683 3987 denarios
704 3929 737 3985 et
756 3922 883 3985 obolum
896 3928 928 3984 et
942 3921 983 3985 ed
995 3922 1112 3984 festum
1132 3921 1306 3986 nativitatis
1335 3923 1420 3986 besti
1440 3925 1600 3989 Jomrrs
1620 3928 1758 4011 baptiste

390 4063 526 4140 quatuor
553 4052 698 4116 denarios
719 4057 751 4114 et
771 4050 898 4113 obolum
916 4068 974 4132 pro
1004 4051 1091 4112 omni
1111 4051 1240 4113 servicio
1261 4053 1424 4116 exactione
1445 4060 1479 4116 et
1498 4054 1664 4120 demanda.
1715 4063 1759 4124 Et

390 4206 448 4269 ego
474 4187 665 4250 Srnrmrus
695 4181 735 4247 de
764 4182 821 4245 Sto
850 4181 1001 4244 Hrnasuo
1031 4187 1064 4244 et
1094 4181 1225 4244 heredes
1249 4182 1312 4245 mei
1336 4181 1438 4246 dietas
1463 4191 1529 4248 tres
1560 4205 1650 4250 serus
1674 4197 1759 4254 terre

389 4313 517 4380 arabilis
544 4333 618 4377 eum
649 4312 796 4377 omnibus
824 4311 889 4375 suis
932 4310 1134 4393 pertinenciis
1163 4318 1257 4392 prout
1300 4311 1554 4394 prenominatum
1587 4323 1636 4379 est
1669 4318 1756 4383 disto

385 4443 519 4506 Mrnoru
559 4449 592 4505 st
617 4441 785 4506 heredibus
810 4441 875 4505 suis
900 4442 950 4506 rel
976 4441 1042 4506 suis
1067 4441 1237 4523 assignetis
1266 4449 1378 4506 eontra
1403 4463 1513 4508 omues
1546 4444 1692 4512 homines
1718 4457 1751 4514 et

386 4570 521 4634 feminas
546 4570 766 4652 inperpetuum
792 4572 1068 4637 warantizabimus
1098 4573 1346 4654 acquietabimus
1374 4580 1406 4636 et
1436 4573 1650 4640 defendemus.
1708 4579 1752 4642 nt

389 4707 426 4767 ut
446 4699 504 4765 hee
534 4719 606 4764 msa
633 4699 762 4768 dorsuo
791 4705 824 4766 st
854 4701 1014 4788 eonssssie
1038 4709 1110 4769 rete
1131 4703 1172 4768 sit
1199 4710 1233 4768 et
1263 4707 1353 4770 firme
1380 4704 1518 4786 presenti
1548 4712 1634 4772 carte
1665 4706 1757 4788 sigilii
