3932 5498
409 733 469 798 224

371 1033 520 1116 iudicatis
540 1035 689 1118 suspendi
706 1051 762 1102 ve.
783 1051 841 1120 pro
860 1037 999 1120 quolibet
1016 1037 1106 1120 iiijd
1146 1037 1188 1100 In
1208 1056 1249 1102 rv
1268 1034 1370 1100 corun
1398 1033 1513 1118 emptIs
1539 1047 1597 1114 pro
1624 1031 1739 1096 eisdem

372 1165 453 1232 xvd.
496 1165 627 1232 flumme
645 1167 714 1248 vis.
736 1167 810 1249 ibn.
891 1167 1024 1232 Summe
1043 1169 1185 1232 omnium
1204 1186 1412 1249 expensorum
1432 1165 1475 1247 xij
1487 1184 1513 1230 s.
1535 1163 1568 1246 iij
1582 1163 1613 1226 d.

413 1295 518 1378 opere
550 1296 779 1361 sarculationis.
834 1296 926 1360 Idem
959 1297 1127 1378 respondet
1160 1298 1200 1360 de
1234 1297 1310 1377 lxxij
1345 1295 1491 1376 operibus
1524 1290 1742 1358 semulctiouis

372 1425 507 1507 receptis
536 1425 577 1489 de
606 1425 693 1508 xxiiij
723 1426 923 1490 custumeriie
950 1427 984 1488 in
1014 1425 1155 1488 monerio
1184 1425 1224 1488 de
1244 1410 1423 1489 Lunowrru
1451 1443 1584 1505 quorum
1613 1421 1742 1504 quilibet

373 1554 467 1640 debet
486 1555 520 1638 iij
542 1575 638 1638 opere
656 1557 796 1638 precium
816 1557 983 1639 cujuslibet
1003 1558 1054 1619 ob.
1098 1557 1228 1620 Summe
1247 1556 1337 1640 lxxij.
1380 1555 1429 1616 De
1449 1553 1561 1636 quibus
1581 1556 1742 1632 computet

372 1685 406 1750 in
427 1686 643 1768 ecquietencie
662 1687 838 1771 jprepositi
858 1687 892 1771 iij
914 1707 1019 1768 opere.
1061 1687 1102 1748 In
1120 1685 1304 1751 vendicione
1319 1690 1362 1758 ut
1381 1683 1464 1748 inire
1483 1683 1558 1744 lxix.
1600 1681 1646 1742 Et
1667 1678 1743 1742 nihil

374 1820 528 1878 remanet.

413 1946 519 2026 Opere
547 1943 739 2009 inlceciouis.
780 1943 871 2007 Idem
902 1941 1070 2024 respondet
1099 1941 1138 2004 de
1167 1941 1253 2023 xxiiij
1284 1941 1430 2022 operibus
1463 1939 1504 2004 ud
1538 1938 1741 2003 idoneiorem

369 2081 533 2158 protorum
552 2073 586 2136 in
605 2074 746 2138 monerio
766 2073 805 2138 de
825 2074 1006 2138 Lnnowrru
1031 2073 1128 2154 precii
1154 2071 1321 2154 cujuslibet
1350 2070 1467 2152 operis·
1483 2070 1527 2150 iiij
1540 2068 1571 2132 d.
1615 2067 1742 2131 Summe

370 2205 471 2288 xxiiij.
511 2205 563 2267 De
582 2203 695 2286 quibus
715 2209 878 2284 computet
898 2205 932 2266 in
953 2204 1171 2284 acquietenoie
1190 2204 1201 2284 j
1222 2203 1373 2284 prepositi
1392 2203 1403 2282 j
1425 2221 1515 2284 opus.
1567 2200 1608 2262 In
1636 2198 1739 2262 vendi·

374 2333 463 2398 cione
483 2339 520 2397 nt
540 2333 622 2396 inire
641 2333 716 2414 xxiij
738 2353 844 2415 opere.
885 2333 930 2396 ut
950 2333 1030 2394 nihil
1050 2337 1204 2396 remanet.

407 2465 517 2546 Opere
536 2462 578 2527 cd
596 2463 693 2526 bledo
711 2461 870 2526 metenda.
912 2462 1004 2525 Idem
1023 2461 1192 2542 respondet
1213 2460 1252 2523 de
1272 2461 1349 2542 lxxij
1370 2461 1515 2541 operibus
1535 2458 1740 2541 provenienti-

369 2595 431 2665 bus
450 2593 490 2656 de
510 2592 596 2674 xxiiij
617 2592 817 2656 contumetiis
837 2593 954 2655 ibidem
973 2592 1070 2674 precii
1090 2591 1257 2672 cujuslibet
1278 2590 1380 2672 operis
1400 2591 1464 2672 ijo
1504 2591 1549 2654 Et
1567 2589 1606 2653 de
1630 2589 1740 2669 xxiiij=

371 2725 424 2804 xvj
446 2723 592 2805 operibus
619 2722 753 2803 receptis
772 2722 812 2785 de
833 2721 952 2786 eisdem
981 2723 1182 2786 custumeriis
1210 2723 1307 2806 precii
1337 2722 1503 2804 cujuslibet
1522 2721 1574 2803 jd.
1617 2721 1743 2784 Summe

371 2855 487 2937 clxviii.
528 2855 579 2918 De
599 2855 712 2936 quibus
731 2861 895 2936 computet
914 2854 949 2915 in
969 2854 1186 2937 requietcncie
1213 2855 1307 2918 unius
1337 2854 1488 2938 prepositi
1507 2853 1538 2936 vj
1560 2871 1662 2936 opere
1702 2851 1741 2914 In

370 2983 551 3051 venditione
571 2991 608 3048 ut
628 2984 711 3048 inire
730 2984 814 3066 clrij.
854 2984 899 3047 Et
919 2983 999 3046 nihil
1020 2991 1172 3048 remanet.

864 3182 982 3245 meon
1003 3181 1256 3244 Monesuunrmr.
1368 3196 1377 3216 ⁴

409 3314 515 3395 Opere
534 3313 761 3394 antumpnelie.
782 3312 875 3376 Idem
894 3311 1065 3392 respondet
1085 3311 1125 3374 de
1145 3311 1197 3392 xvj
1219 3311 1365 3391 operibus
1395 3311 1655 3392 antumpneiibus
1675 3329 1744 3392 pro·

370 3443 570 3510 venientibus
600 3443 640 3506 de
668 3444 868 3507 custumnriis
887 3442 928 3506 de
948 3443 1038 3505 Anco
1069 3442 1283 3504 Monesrnero
1307 3441 1467 3522 peridem
1497 3449 1631 3522 tempus·
1651 3439 1746 3523 precii

370 3573 474 3657 operis
494 3572 548 3656 jd.
590 3574 688 3638 Sum:
710 3575 773 3656 xvj.
815 3576 857 3637 Et
877 3573 1058 3639 venduntur
1076 3578 1113 3635 ut
1134 3572 1225 3636 infre.
1265 3572 1310 3634 Iit
1331 3571 1411 3634 nihil
1430 3579 1583 3636 remeunt.

956 3760 1095 3842 [Meum
1117 3763 1164 3840 4.]

373 3889 558 3954 mnenon
570 3889 861 3954 summumne
881 3907 950 3954 eon
970 3909 1085 3953 rernm
1105 3909 1148 3953 nr
1168 3891 1295 3955 Gnerno
1308 3909 1352 3954 nu
1367 3893 1497 3956 l'nuvers
1518 3910 1561 3956 un
1580 3893 1747 3956 Lenem.

409 4019 566 4084 Redditur
596 4020 704 4086 sense.
746 4019 838 4083 Idem
857 4020 1026 4104 respondet
1046 4021 1086 4084 de
1105 4020 1209 4084 xxvii.
1231 4020 1299 4102 rje.
1320 4022 1404 4102 vijd.
1425 4023 1465 4086 de
1495 4023 1620 4088 redditu
1649 4024 1750 4088 assim

367 4148 536 4234 bberorum
548 4155 582 4213 et
595 4149 857 4216 custumeriornm
870 4150 954 4230 opud
968 4149 1203 4214 Lnsnnnrmnn
1217 4158 1250 4214 et
1264 4151 1395 4216 Trerus
1416 4152 1560 4218 videlieet
1574 4153 1747 4218 adfectum

372 4279 482 4343 Heneti
501 4279 662 4345 Jounnsrs
681 4279 820 4362 baptiste
840 4286 873 4343 et
894 4279 1005 4344 Sancti
1025 4279 1221 4344 Mrounnme.
1264 4283 1306 4344 Et
1327 4281 1366 4345 de
1386 4281 1431 4362 iiij
1443 4303 1468 4347 e.
1499 4284 1634 4366 receptIs
1663 4285 1704 4348 de
1725 4285 1749 4364 ij

373 4409 556 4492 esperreriis
567 4408 824 4491 provenientibus
838 4409 877 4474 de
889 4409 1015 4474 redditu
1028 4411 1165 4475 venditis
1176 4410 1302 4475 hidem
1344 4411 1440 4476 Sum:
1456 4413 1554 4476 xxvii.
1569 4432 1611 4478 xv
1621 4433 1646 4476 e.
1660 4413 1745 4494 vijd.

410 4537 527 4604 Exitus
545 4539 686 4604 mensrii.
725 4540 817 4604 Idem
837 4539 1006 4622 respondet
1026 4539 1066 4604 de
1086 4559 1140 4606 vs.
1171 4542 1305 4622 receptis
1335 4541 1375 4606 de
1403 4542 1551 4624 herbegio
1579 4551 1613 4608 et
1637 4544 1748 4608 iruetn

373 4670 573 4754 memorem
592 4670 708 4738 ibidem
720 4671 873 4754 peridem
885 4677 1019 4755 tempus
1061 4675 1103 4736 Et
1116 4671 1156 4737 de
1169 4672 1244 4755 xviij
1256 4691 1282 4736 s.
1304 4673 1348 4755 iiij
1358 4673 1388 4738 d.
1408 4674 1544 4757 receptis
1557 4675 1597 4739 de
1615 4683 1751 4756 pesture
