3932 5498
1524 803 1581 867 187

253 1105 361 1166 autem
388 1101 560 1166 donatione
590 1103 792 1168 concessione
812 1109 845 1168 et
865 1105 958 1188 sigilli
987 1105 1049 1168 mei
1079 1105 1316 1168 confirmatione
1344 1104 1430 1168 dedit
1460 1104 1618 1186 prediatus

251 1231 438 1294 Wsunsnus
459 1239 525 1296 tres
544 1253 667 1298 meroes
678 1228 713 1297 'et
732 1235 892 1299 dimidiam
914 1237 1133 1317 sterlingorum
1146 1237 1179 1298 in
1193 1236 1415 1318 recognitione.
1457 1239 1525 1316 Ego
1543 1253 1620 1298 vero

253 1361 412 1442 predictus
434 1365 605 1427 Gnsuoous
625 1370 658 1428 et
678 1363 810 1428 heredes
829 1365 892 1428 mei
922 1365 1008 1428 dioto
1038 1365 1205 1428 Wsurnno
1225 1373 1257 1428 et
1277 1363 1444 1429 heredibus
1474 1364 1541 1428 suis
1568 1363 1620 1425 vel

252 1491 421 1572 assignatis
441 1494 506 1556 suis
527 1494 686 1575 predictas
706 1515 762 1559 sex
782 1515 872 1560 aeras
892 1516 965 1559 oum
985 1497 1078 1559 dietis
1098 1497 1273 1577 messuagio
1287 1503 1320 1560 et
1341 1496 1504 1577 curtilagio
1525 1497 1617 1558 advo-

252 1621 375 1684 oatione
395 1629 528 1702 pastura
546 1624 641 1686 bosoo
661 1631 694 1687 et
714 1624 861 1688 omnibus
880 1624 1079 1706 pertinentiis
1099 1625 1165 1688 suis
1192 1631 1307 1689 eontra
1335 1645 1445 1689 onmes
1473 1626 1618 1689 homines

252 1757 285 1814 et
312 1751 445 1816 semines
472 1753 506 1816 in
539 1762 726 1836 perpetuum
758 1755 1036 1820 warantizabimus
1066 1760 1099 1818 et
1132 1754 1345 1818 defendemus.
1400 1755 1445 1818 Et
1478 1761 1515 1817 ut
1548 1773 1620 1819 mea

251 1881 380 1946 donatio
405 1887 567 1950 oenoeesio
586 1894 619 1950 et
640 1888 732 1970 sigilli
759 1889 822 1952 mei
853 1889 1087 1951 oonfirmetione
1108 1893 1176 1950 rete
1197 1893 1229 1951 et
1250 1887 1380 1951 stabiles
1410 1894 1617 1968 permeneent

252 2011 335 2074 bano
363 2023 542 2094 presentem
571 2024 693 2081 sartam
723 2019 816 2100 sigilli
846 2018 910 2081 mei
936 2018 1139 2100 impressione
1167 2019 1321 2081 roboravi.
1383 2017 1457 2080 Hiis
1485 2017 1619 2080 testibus

253 2141 379 2207 domino
410 2145 564 2211 sessuro
585 2149 624 2211 de
655 2150 789 2212 Sorrnsr
828 2135 967 2212 raom
987 2150 1027 2212 de
1049 2150 1210 2213 Nuasusu
1250 2149 1435 2212 Wmnnurro
1463 2147 1620 2212 merere

254 2273 410 2340 Pmrso
430 2276 460 2340 le
481 2277 547 2342 Sos
586 2279 769 2346 Wnnmo
788 2279 852 2344 lilio
873 2250 985 2344 Hanni
1003 2286 1035 2344 et
1055 2279 1164 2345 multis
1185 2279 1264 2344 aliis.

886 2664 998 2730 salv.

411 2791 550 2859 ΟΑΒΤΑ
570 2790 734 2856 PAGANI
754 2791 815 2856 DE
836 2793 976 2858 REGNI
996 2792 1208 2858 WALTERO
1229 2793 1289 2857 DE
1310 2793 1469 2858 REGNY.

715 2924 820 3004 [Anat
844 2927 973 2990 osser:
996 2925 1044 2987 24.
1067 2926 1155 3003 2911]

292 3057 399 3122 Sciant
419 3062 582 3138 presentes
596 3061 628 3118 et
648 3054 746 3117 futuri
765 3055 848 3135 quod
862 3074 920 3136 ego
933 3057 1086 3118 Psesnus
1106 3056 1146 3118 de
1165 3056 1282 3118 Rnsns
1302 3054 1374 3116 dedi
1388 3061 1420 3117 et
1433 3054 1574 3117 oonoessi
1587 3060 1619 3118 et

245 3185 304 3250 han
323 3185 462 3267 presenti
482 3190 572 3246 oarta
584 3203 657 3246 mea
669 3183 852 3248 confirmavi
872 3184 1039 3247 Wanunno
1052 3185 1092 3246 de
1106 3185 1222 3246 Reuss
1242 3190 1346 3248 totum
1365 3191 1493 3265 pratum
1512 3205 1619 3249 meum

246 3316 327 3400 quod
346 3317 430 3396 jaoet
450 3313 484 3375 in
505 3313 612 3375 Perse
633 3311 732 3376 Mosen
752 3332 809 3394 pro
838 3333 905 3377 uua
933 3333 1007 3376 sora
1036 3314 1120 3396 quod
1141 3314 1246 3395 sliquo
1266 3321 1406 3395 tempore
1437 3316 1616 3386 Aunsonus

245 3447 327 3512 lilius
349 3447 529 3510 Gonwannr
550 3443 662 3506 tenuit.
713 3443 898 3506 Tenendum
918 3450 951 3506 et
971 3443 1151 3507 habendum
1172 3444 1212 3507 de
1232 3465 1283 3508 me
1312 3445 1480 3509 heredibus
1498 3445 1549 3510 vel
1569 3465 1618 3512 ss·

246 3581 378 3663 signatis
398 3579 477 3641 meis
498 3576 558 3640 sibi
587 3583 620 3638 et
648 3575 816 3639 heredibus
837 3575 902 3638 suis
922 3573 973 3637 vel
994 3575 1163 3656 assignetis
1188 3575 1254 3638 suis
1274 3543 1370 3640 libere
1400 3578 1505 3658 quiete
1535 3579 1619 3660 psoi-

248 3715 305 3778 fioe
333 3714 455 3792 integre
485 3716 518 3772 et
549 3708 617 3788 jure
647 3705 847 3770 hereditario.
889 3706 1061 3769 Reddendo
1092 3707 1165 3769 inde
1194 3709 1359 3771 annuatim
1380 3709 1459 3771 mihi
1479 3716 1511 3771 et
1531 3710 1620 3774 here·

248 3844 341 3908 dibus
361 3842 440 3903 meis
453 3839 504 3903 vel
519 3836 687 3919 assignetis
701 3837 780 3900 meis
793 3837 860 3918 ipse
874 3843 906 3900 st
920 3837 1052 3900 heredes
1066 3838 1115 3900 sui
1127 3839 1177 3902 vel
1191 3841 1344 3922 assignati
1358 3841 1406 3903 sui
1420 3841 1502 3904 siout
1521 3861 1621 3906 unum

245 3973 411 4038 deumium
431 3971 465 4033 in
485 3970 566 4032 leeto
586 3969 672 4032 beati
693 3969 881 4032 Mrousnnre
900 3989 958 4050 pro
979 3969 1125 4033 omnibus
1156 3972 1294 4035 serviciis
1325 3973 1459 4052 querelis
1490 3991 1620 4037 oeneus·

244 4103 406 4166 tudinibus
420 4099 516 4163 seotis
529 4099 686 4161 curiarum
700 4105 732 4160 st
745 4099 910 4162 demendis
931 4098 1134 4163 sotularibus.
1176 4102 1238 4165 Pro
1252 4101 1314 4164 hiis
1328 4109 1436 4165 antem
1449 4102 1621 4169 donatione

244 4233 446 4298 oonoeesione
467 4237 499 4292 et
518 4229 611 4310 sigilli
630 4229 694 4292 mei
714 4228 953 4294 confirmatione
973 4229 1061 4293 dedit
1081 4230 1160 4292 mibi
1180 4231 1340 4312 predictus
1370 4231 1558 4296 wmrusus
1578 4233 1618 4300 de

247 4365 365 4444 Rsosr
382 4361 495 4443 viginti
514 4360 631 4423 solidos
662 4361 884 4442 sterlingorum
910 4361 1113 4442 premenibus
1137 4361 1172 4424 in
1191 4361 1414 4442 recognitione.
1456 4363 1526 4443 Ego
1546 4384 1620 4429 vero

246 4493 484 4578 prenominatus
504 4491 657 4554 Prorsus
677 4491 717 4554 de
737 4491 854 4555 Rsenr
866 4499 899 4554 et
919 4491 1051 4555 heredes
1070 4492 1133 4554 mei
1153 4492 1203 4556 vel
1224 4491 1376 4573 assignati
1395 4493 1458 4556 mei
1477 4494 1619 4575 predicto

247 4627 414 4690 Wanrsao
433 4623 473 4687 de
495 4623 611 4686 Rrerr
632 4628 664 4686 et
684 4622 852 4687 heredibus
872 4623 938 4686 suis
958 4623 1010 4686 vel
1031 4621 1200 4704 assignatis
1220 4623 1285 4686 suis
1310 4629 1415 4685 totum
1442 4623 1639 4705 predictum·

247 4765 372 4840 pratum
392 4761 504 4820 oontm
524 4773 634 4820 omnes
653 4753 798 4820 homines
818 4763 851 4822 et
871 4755 1005 4822 feminas
1024 4754 1059 4822 in
1079 4761 1265 4839 perpetuum
1289 4755 1566 4822 warantizabimus
1587 4764 1618 4818 et
