3932 5498
1485 795 1542 862 197

206 1077 338 1143 servicio
358 1079 491 1161 predicti
510 1082 636 1188 horn
654 1101 711 1170 per
732 1085 981 1172 angorum
1000 1090 1120 1158 domini
1139 1092 1234 1177 Regis
1253 1095 1371 1160 tectum
1389 1095 1492 1180 ipsum
1504 1115 1577 1180 coc:

206 1209 299 1290 tingit
327 1211 362 1273 in
391 1231 449 1294 pro
479 1221 570 1296 porte
601 1235 660 1281 sno
686 1217 726 1282 de
755 1219 932 1286 hceffinte
960 1222 1094 1305 predicti
1122 1224 1222 1306 putris
1251 1225 1301 1290 sni
1330 1243 1386 1306 per
1412 1227 1578 1308 antiquum

207 1337 446 1404 ienffementum
465 1343 512 1406 ite
531 1344 615 1426 quod
638 1347 798 1428 predictus
828 1351 995 1417 monere
1024 1353 1138 1419 ῦοπιοι
1157 1353 1204 1418 nil
1222 1354 1336 1420 hebuit
1354 1355 1390 1418 in
1407 1355 1576 1437 montegio

206 1469 348 1551 predicto
368 1472 430 1535 nisi
449 1491 506 1554 per
525 1476 767 1558 oocupccionem
787 1484 928 1564 tempore
947 1497 1065 1565 gwerre
1083 1489 1118 1549 st
1135 1483 1197 1548 hoc
1214 1492 1329 1568 pereto
1348 1493 1398 1553 cst
1411 1485 1573 1556 retificem

206 1606 266 1664 tto.

241 1730 287 1794 Et
306 1733 469 1814 predictus
488 1735 602 1800 Oomee
627 1738 709 1819 petit
737 1739 889 1822 judicium
918 1741 1041 1808 dreicnt
1058 1748 1151 1827 peter
1169 1761 1246 1810 suus
1264 1744 1325 1808 init
1343 1743 1379 1810 in
1398 1745 1516 1812 tritine
1533 1745 1575 1815 ds

201 1862 367 1944 maritagio
385 1866 519 1948 predicti
538 1868 664 1931 Troum
694 1869 746 1934 eri
775 1877 826 1934 eto
859 1877 892 1936 et
924 1877 1016 1954 peter
1034 1872 1133 1954 ipsius
1152 1873 1295 1938 Crem
1315 1873 1377 1938 hoo
1396 1874 1481 1938 idern
1500 1893 1572 1958 sup-

200 1995 309 2075 posuit
328 2015 385 2076 per
405 1997 558 2078 placitum
577 1999 661 2081 quod
689 2001 878 2083 sequebatur
905 2023 1014 2067 versus
1043 2011 1167 2086 putrem
1196 2004 1295 2086 ipsius
1324 2005 1456 2070 Comitis
1483 2007 1569 2090 quod

201 2123 328 2204 qudem
347 2125 500 2206 plecitnm
512 2127 583 2209 ipse
603 2129 738 2192 Onormr
757 2131 837 2195 bene
856 2132 1053 2214 recognoscit
1065 2140 1098 2198 st
1110 2141 1254 2216 pretores
1271 2134 1430 2216 predictus
1450 2135 1571 2200 Josrr·

199 2271 259 2316 rus
278 2255 377 2320 finem
397 2257 471 2320 iecit
491 2278 564 2350 curn
593 2261 734 2342 predicto
763 2262 932 2326 Grunnnno
952 2265 1076 2328 Gemite
1094 2281 1152 2346 pro
1171 2265 1348 2346 meritegio,
1370 2281 1428 2328 eno
1449 2267 1477 2330 si
1496 2267 1567 2347 ipss

201 2385 337 2448 Gnomr
357 2407 414 2468 pro
442 2389 606 2454 voluntate
637 2409 697 2454 sne
725 2391 829 2472 ipsum
856 2393 969 2474 ejicere
999 2392 1113 2457 debent
1138 2393 1176 2477 (i)
1199 2387 1356 2458 eseisine
1385 2413 1446 2459 suu
1473 2415 1570 2477 quum

201 2515 313 2579 hebuit
327 2536 489 2600 quousque
501 2539 559 2600 per
571 2521 691 2585 curium
711 2521 831 2584 domini
848 2523 943 2604 Regis
955 2523 1132 2587 discussum
1150 2522 1245 2587 fuerit
1258 2524 1299 2587 ed
1312 2543 1406 2606 quem
1425 2524 1566 2606 ipsorum

198 2648 355 2728 pertineat
374 2650 574 2732 mnritngium
593 2653 779 2735 predictum.
821 2655 899 2718 Dies
918 2655 996 2718 dete
1015 2660 1064 2721 est
1077 2654 1124 2722 ris
1137 2655 1176 2720 de
1196 2655 1353 2724 ordiendo
1372 2656 1490 2742 judicio
1508 2675 1569 2726 tuo

201 2779 290 2844 odie
313 2780 372 2846 sti
392 2781 550 2846 Hmnenn
569 2783 604 2848 in
623 2802 666 2849 xv
684 2783 753 2850 dier
771 2783 950 2870 obiturum
969 2791 1031 2852 etc.

799 3165 950 3235 ccxm.

96 3353 101 3364 .
201 3293 338 3360 cirre
351 3297 533 3362 WILL’MI
547 3298 608 3361 DE
622 3297 830 3364 DALDENE
845 3298 1037 3364 WALT'BO
1051 3297 1111 3362 DE
1125 3295 1303 3379 QUERGU
1317 3294 1373 3362 ET
1386 3295 1562 3366 AGNEffl

729 3429 894 3494 UXORIS
914 3429 1029 3494 nJUS.

760 3547 887 3641 [Genus
909 3560 999 3640 ries]
1266 3561 1305 3626 1³
1324 3559 1412 3629 Fur:
1434 3563 1523 3629 1290.

238 3697 257 3724 ‘⁶
268 3688 378 3752 Sciunt
397 3697 561 3771 presentes
575 3697 607 3753 et
620 3691 718 3754 futuri
737 3691 822 3774 quod
834 3707 893 3772 ego
907 3691 1080 3754 wnn'nue
1093 3687 1133 3752 de
1146 3688 1307 3753 Drnnnrur
1327 3691 1401 3755 dedi
1419 3693 1563 3756 concessi

197 3827 229 3884 et
248 3819 310 3882 hec
330 3823 470 3901 presenti
490 3829 579 3886 curte
597 3842 670 3886 mee
689 3821 873 3884 confirmavi
892 3820 1058 3883 Wrnrnno
1071 3819 1111 3882 de
1125 3819 1262 3897 Qnsnou
1276 3827 1308 3883 et
1322 3821 1457 3884 Aurnrr
1475 3821 1567 3888 uxori

195 3969 250 4013 sue
270 3970 369 4014 unam
387 3952 531 4033 pleceum
551 3971 685 4017 vernum
704 3953 739 4015 in
758 3953 857 4033 burgo
877 3951 917 4016 de
937 3951 1088 4014 Kinnnrr
1107 3971 1168 4034 que
1187 3949 1312 4033 quidem
1340 3951 1451 4032 placeo
1477 3951 1563 4032 ieret

160 4159 163 4166 ,
194 4087 276 4152 inter
295 4087 480 4168 burgagium
494 4093 570 4148 tunc
584 4085 730 4148 Wrnn’rn
750 4085 963 4147 Munneonm
975 4083 1009 4145 in
1021 4089 1111 4163 purte
1131 4079 1319 4146 mordenter·
1332 4087 1365 4143 et
1378 4081 1563 4162 burgagium

191 4225 265 4280 tuno
286 4217 307 4280 J
309 4235 449 4279 onrsms
470 4215 565 4278 Lunn
578 4215 715 4296 inportu
736 4213 881 4278 orientali
893 4221 926 4276 ct
939 4213 1081 4278 extendit
1102 4231 1137 4276 se
1158 4211 1194 4274 in
1206 4211 1402 4293 longitudine
1417 4232 1438 4275 e
1450 4212 1561 4295 burgo·

194 4347 244 4429 gio
257 4353 335 4410 tunc
348 4345 369 4408 J
371 4347 479 4408 on’rus
492 4346 586 4409 Onrrr
599 4345 633 4408 in
644 4352 736 4428 perte
749 4345 856 4408 suet’ii
868 4363 966 4426 usque
980 4341 1021 4406 cd
1032 4341 1170 4422 regalem
1182 4341 1267 4406 viem
1278 4340 1312 4403 in
1324 4349 1414 4424 perte
1433 4343 1562 4410 boreali.

192 4477 337 4542 Hebend'
353 4484 385 4540 ot
399 4477 527 4541 tenend’
542 4476 717 4560 predictum
729 4477 873 4558 picorum
885 4494 959 4538 oum
971 4475 1039 4538 suis
1059 4471 1203 4556 pert'ciis
1219 4471 1374 4556 predictis
1395 4474 1562 4541 Wsnnnrn

196 4611 332 4688 Qusnou
345 4616 379 4674 et
393 4611 528 4674 Aornos
548 4608 707 4672 morisco
730 4615 763 4674 et
786 4607 953 4672 hored'bne
971 4605 1049 4670 dicti
1067 4606 1227 4674 Wnnrnnr
1246 4604 1311 4672 sive
1331 4605 1498 4688 renunciis
1520 4607 1561 4674 de

9 4735 11 4806 i
194 4739 428 4810 dominoieodi
446 4735 971 4826 iiliusperredditnretserricir
996 4737 1070 4806 inde
1099 4737 1431 4808 &morenaco
1460 4737 1559 4806 libere
