3932 5498
412 759 469 821 186

368 1077 449 1124 mus.
493 1058 539 1126 Ut
558 1058 618 1123 heo
638 1062 746 1124 eutem
764 1077 837 1124 mes
861 1059 991 1124 donatio
1021 1060 1181 1124 oonoessio
1201 1065 1233 1124 et
1253 1061 1409 1143 presentis
1428 1066 1515 1126 oerte
1534 1079 1603 1126 mee
1621 1061 1735 1126 eonfit-

367 1192 467 1254 mstio
486 1197 555 1254 rete
569 1197 600 1254 et
614 1190 744 1254 stabiles
757 1197 790 1254 et
803 1191 989 1253 inconeusse
1002 1198 1209 1271 permaneant
1222 1191 1306 1253 hene
1319 1197 1499 1271 presentem
1512 1197 1631 1254 certem
1643 1190 1737 1272 sigilli

367 1321 430 1384 mei
449 1322 654 1404 impressione
674 1321 828 1385 roboravi.
871 1321 944 1384 Elis
964 1321 1099 1384 testibus
1119 1322 1289 1385 Nrononso
1315 1323 1430 1386 Poene
1470 1323 1540 1386 Ans
1570 1323 1599 1386 le
1626 1323 1735 1384 Ἑω-

370 1471 463 1518 unse
502 1453 667 1518 Wrnnnrro
686 1452 726 1517 de
746 1453 855 1518 Bosoo
884 1451 1029 1517 Hneom
1051 1453 1153 1518 Snem
1193 1453 1348 1518 Bosesro
1368 1454 1397 1517 le
1417 1454 1533 1518 Pounn
1551 1461 1584 1518 et
1605 1453 1682 1518 eliis.

999 1835 1117 1902 00111.

458 1963 595 2030 GARTA
616 1963 808 2030 OBADOGI
827 1959 916 2027 HL:
938 1965 983 2029 G:
1005 1957 1154 2028 BllGdN
1175 1963 1387 2030 wemno
1406 1965 1467 2028 DE
1489 1965 1648 2030 BEGNY.

841 2094 945 2174 [Anm
969 2094 1095 2158 Gener:
1117 2095 1167 2156 24.
1190 2095 1278 2174 292]

412 2223 521 2289 Soient
541 2230 703 2306 presentes
723 2229 756 2287 et
776 2224 875 2287 iutnn‘
895 2224 978 2306 quod
992 2243 1050 2304 ego
1069 2224 1240 2287 Onsnoous
1260 2225 1343 2287 filins
1364 2225 1517 2289 Gsmrrsr
1537 2227 1653 2292 Brenn
1666 2228 1742 2293 dedi

307 2365 310 2372 '
371 2362 404 2422 et
424 2357 565 2419 concessi
585 2363 618 2418 et
632 2355 699 2434 ,hee
718 2355 858 2437 presenti
877 2361 967 2418 eerte
986 2375 1059 2417 mea
1078 2355 1261 2418 eonfirmevi
1291 2355 1458 2419 Wsnnnno
1477 2357 1517 2420 de
1537 2358 1654 2422 Reorr
1683 2378 1742 2422 sex

370 2507 461 2552 sores
481 2495 564 2550 terre
584 2485 712 2548 srebilis
733 2491 765 2549 et
786 2505 885 2547 unum
905 2485 1118 2566 messuaginm
1138 2506 1211 2548 oum
1240 2487 1404 2567 curtilagio
1424 2494 1456 2550 et
1477 2494 1582 2550 totum
1609 2487 1741 2551 bosenm

369 2637 475 2681 meum
495 2621 528 2679 et
548 2621 650 2678 totem
670 2622 834 2696 posteram
861 2635 966 2678 meam
993 2615 1026 2678 in
1054 2622 1236 2678 tenemento
1266 2615 1306 2679 de
1334 2615 1404 2678 imre
1435 2617 1574 2680 munes
1603 2626 1635 2682 et
1665 2640 1741 2683 oum

370 2746 577 2812 advocatione
597 2745 726 2808 eoelesie
746 2743 889 2825 ejusdem
910 2744 1031 2808 locide
1053 2746 1123 2807 Irsr
1144 2747 1283 2808 menne
1303 2754 1456 2828 quantum
1479 2750 1520 2812 ed
1534 2769 1584 2812 me
1603 2751 1742 2832 pertinet

319 2905 326 2926 ι
369 2895 502 2960 querum
522 2893 595 2938 vero
615 2875 752 2956 quinque
774 2893 845 2937 sore
874 2875 1008 2938 arabiles
1036 2875 1143 2955 jeoent
1169 2877 1229 2938 sub
1260 2876 1380 2939 Morene
1410 2879 1480 2942 Ber
1510 2881 1594 2944 inter
1623 2889 1742 2946 terrem

370 3027 431 3090 que
457 3011 580 3088 spectet
600 3005 641 3068 ed
661 3003 826 3067 eoelosiem
845 3003 886 3066 de
907 3004 977 3066 Irss
1007 3003 1147 3066 Lernen
1167 3011 1199 3066 et
1220 3011 1338 3068 terrem
1368 3013 1444 3069 luno
1474 3009 1589 3072 Ervon
1617 3011 1687 3075 Kon
1706 3013 1742 3078 in

370 3153 435 3202 nne
453 3127 579 3202 enitere.
598 3137 683 3201 unde
704 3157 803 3200 unum
824 3137 928 3217 oepud
948 3137 1051 3199 tendit
1065 3157 1099 3200 se
1114 3137 1155 3199 ed
1168 3137 1287 3200 diotsm
1308 3137 1456 3199 Morrrmr
1475 3139 1547 3200 Ber
1560 3147 1592 3203 et
1607 3141 1742 3230 alterum

374 3269 477 3351 oepnd
498 3268 539 3331 ed
559 3273 685 3349 protum
706 3267 790 3349 quod
817 3267 977 3348 quondam
1006 3267 1067 3329 fuit
1097 3267 1216 3329 Tnorm
1248 3267 1319 3330 Kon
1348 3269 1483 3348 quedem
1513 3271 1642 3334 dimidie
1670 3295 1746 3338 sore

359 3401 455 3480 ‹jeoet
474 3385 572 3479 supra
590 3405 731 3461 montem
751 3398 834 3460 inter
855 3405 972 3462 terrem
992 3403 1069 3460 tuno
1091 3397 1172 3460 Rrer
1191 3397 1308 3460 Bnesrr
1329 3405 1361 3460 et
1382 3405 1498 3461 terrem
1530 3407 1606 3464 tuno
1634 3403 1743 3466 Imrm

369 3531 477 3594 reliote
498 3530 651 3592 Gnmrrm
670 3529 786 3590 Bnons
807 3528 897 3608 eujus
917 3548 1016 3590 unum
1030 3527 1133 3608 oepud
1153 3527 1255 3589 tendit
1292 3547 1326 3590 se
1345 3526 1386 3590 ed
1404 3547 1553 3609 megnem
1572 3531 1658 3594 viem
1678 3553 1742 3615 qne

359 3647 470 3725 iture
483 3659 560 3722 ville
572 3658 612 3721 de
626 3659 695 3720 Iler
709 3657 848 3720 Lernen
861 3677 970 3721 versus
990 3659 1124 3720 Lernen
1138 3665 1170 3720 et
1184 3657 1319 3720 alterum
1333 3658 1435 3738 capud
1454 3659 1556 3722 tendit
1570 3679 1604 3724 ee
1618 3663 1658 3723 ed
1679 3683 1743 3725 me·

374 3797 426 3856 tes
444 3790 485 3854 de
505 3791 538 3852 le
558 3787 672 3849 ΚΑΜ
693 3793 726 3849 ot
747 3787 848 3849 eltero
867 3786 997 3849 dimidie
1024 3806 1098 3849 nore
1114 3771 1201 3865 'jeeet
1220 3785 1254 3846 in
1275 3805 1386 3866 oempo
1406 3788 1490 3867 quod
1510 3795 1641 3850 vocetur
1661 3797 1746 3856 terre

372 3923 498 3984 Yrrmn.
546 3917 762 3998 Mesenegium
791 3933 866 3978 vero
896 3936 969 3979 eum
999 3915 1163 3996 emtilegio
1191 3915 1275 3994 jeoet
1306 3915 1390 3978 inter
1420 3923 1525 3979 ortum
1555 3927 1631 3982 tune
1661 3923 1743 3987 Beer

371 4055 488 4118 Brenn
509 4056 541 4114 et
561 4056 667 4112 ortum
687 4056 764 4112 tuno
792 4047 932 4130 predicte
960 4047 1078 4110 lasum.
1120 4046 1305 4108 Tenendum
1326 4052 1358 4109 et
1378 4047 1619 4113 habendumde
1639 4071 1689 4115 me
1710 4061 1744 4116 el

353 4183 540 4248 ·‘heredibns
559 4181 639 4245 meis
658 4180 718 4244 sibi
738 4186 770 4243 et
790 4179 957 4244 heredibus
978 4178 1043 4242 suis
1064 4179 1114 4240 vel
1135 4179 1303 4260 assignetis
1324 4179 1390 4241 suis
1409 4179 1505 4243 libere
1526 4182 1631 4262 quiete
1660 4187 1745 4266 peoi·

373 4315 432 4377 fiee
451 4315 572 4393 integre
585 4320 618 4374 et
631 4311 830 4374 hereditarie.
873 4310 1045 4372 Reddendo
1064 4308 1138 4371 inde
1159 4309 1324 4371 ennuntim
1345 4309 1422 4371 milri
1436 4316 1468 4372 et
1482 4311 1649 4376 heredibus
1668 4317 1747 4380 meis

375 4444 442 4523 ipse
463 4448 495 4503 et
516 4441 647 4503 heredes
669 4439 719 4502 sui
738 4439 790 4502 vel
811 4438 962 4520 assignati
983 4439 1032 4500 sui
1052 4457 1152 4500 unum
1171 4457 1229 4518 per
1249 4438 1392 4501 alborum
1412 4460 1486 4503 vero
1512 4442 1676 4506 theostum
1695 4445 1748 4508 vei

375 4591 475 4635 unum
496 4569 660 4632 denarium
680 4567 763 4631 inire
793 4567 986 4649 quindenam
1013 4567 1100 4630 beati
1130 4567 1317 4630 Mronnnnrs
1347 4587 1404 4647 pro
1434 4571 1580 4634 omnibus
1609 4577 1749 4642 serviciis

378 4701 512 4785 querelis
533 4699 812 4766 consuetudinibus
825 4697 920 4764 sectis
932 4698 1091 4763 curiorum
1107 4701 1162 4780 [et]
1182 4675 1347 4763 demendis
1367 4700 1569 4766 secularibus.
1612 4703 1674 4768 Pro
1687 4705 1752 4772 hiis
