3956 5488
1019 957 1109 1024 scu

379 1087 618 1154 conensem
636 1085 858 1155 somme
876 1087 938 1154 Im
954 1085 1176 1156 HAYWABD
1196 1075 1260 1154 Du
1279 1087 1619 1160 mumulus
1637 1089 1727 1158 use

940 1217 1186 1284 soffluoti.

922 1348 1084 1429 [hincm
1100 1347 1205 1430 iius]
1457 1352 1598 1418 deduc:
1616 1353 1705 1418 mus.

417 1478 583 1546 Noverunt
603 1478 740 1543 universi
759 1497 816 1561 per
834 1485 997 1560 presentes
1016 1479 1100 1562 qnod
1125 1497 1184 1544 nos
1211 1479 1385 1546 tomum
1402 1482 1432 1546 le
1452 1481 1622 1548 Eurum
1640 1489 1673 1547 et
1690 1482 1747 1546 ic·

376 1625 486 1672 ussus
515 1627 595 1673 uror
623 1628 695 1674 mes
723 1609 790 1673 filie
819 1609 958 1674 Brcmnr
990 1609 1127 1675 srwsm
1156 1609 1214 1676 tilii
1233 1617 1266 1676 st
1285 1611 1411 1676 heredis
1437 1612 1557 1678 demini
1586 1613 1750 1678 Demus

379 1741 517 1806 Srwsun
536 1740 696 1824 quendem
724 1741 845 1806 domini
864 1741 904 1806 de
925 1741 1182 1806 Mssuunmun
1205 1743 1419 1808 concessimus
1438 1743 1614 1810 dimisimus
1633 1744 1748 1808 relecs·
1840 1765 1843 1772 ·

377 1871 499 1936 evimus
520 1891 558 1936 sc
581 1891 638 1954 pro
658 1872 750 1936 uobis
762 1877 796 1937 et
808 1871 976 1936 heredibus
995 1871 1112 1936 nostris
1130 1871 1362 1954 imperpetuum
1381 1873 1524 1956 quietum
1542 1873 1749 1939 clamavimus

376 2003 569 2066 Rusmmno
590 2002 628 2066 de
650 2003 845 2066 Somnorn
865 2001 1073 2065 ethomme
1101 2001 1192 2066 uxori
1221 2019 1278 2066 sne
1305 2009 1339 2066 et
1368 2021 1477 2067 serum
1504 2003 1672 2068 heredibus
1698 2002 1749 2068 vel

377 2132 547 2214 ssugnetis
567 2138 671 2196 totum
689 2136 742 2216 jus
762 2137 906 2194 nostrum
918 2138 952 2194 et
972 2131 1122 2194 clemium
1141 2131 1225 2213 quod
1244 2132 1335 2196 nobis
1355 2133 1470 2196 eccidit
1490 2134 1541 2197 vel
1559 2151 1746 2216 quocunqne

378 2261 472 2325 modo
492 2262 527 2325 in
556 2261 660 2342 sliquo
690 2269 831 2342 tempore
862 2260 1003 2323 accidere
1030 2261 1147 2342 poterit
1167 2261 1201 2324 iu
1220 2261 1367 2326 omnibus
1393 2262 1487 2326 turris
1506 2269 1540 2327 et
1559 2263 1752 2328 tenementis

375 2389 564 2454 molendinis
583 2390 683 2471 prutis
703 2409 775 2454 cum
795 2389 941 2453 cmmlus
961 2389 1143 2454 tenentibus
1163 2398 1231 2454 tem
1250 2391 1338 2456 libris
1357 2411 1452 2474 quum
1480 2392 1596 2457 nativis
1625 2401 1658 2458 et
1682 2387 1749 2456 omss

375 2522 469 2585 nibus
489 2539 598 2584 eorum
617 2520 791 2584 redditibus
810 2526 843 2583 et
868 2520 1007 2584 serviciis
1037 2541 1103 2585 uns
1131 2539 1205 2585 cum
1234 2521 1376 2603 piscariis
1405 2521 1543 2604 gurdinis
1572 2523 1742 2605 mrtilugiis

374 2652 506 2734 cctegiis
525 2652 588 2714 viis
613 2651 734 2715 semitis
762 2651 862 2714 vestis
882 2657 915 2714 st
935 2651 1073 2732 pasturis
1103 2669 1176 2714 cum
1203 2652 1350 2717 omuibus
1369 2653 1440 2718 eliis
1460 2653 1525 2720 suis
1544 2654 1748 2736 pertinenciis

374 2781 416 2846 sd
445 2781 572 2846 lendum
592 2779 631 2845 de
652 2781 909 2844 Mnuunnsssun
936 2779 1194 2862 qualitercunque
1222 2759 1449 2864 sperantibus.
1490 2781 1684 2848 Hubcndum
1714 2790 1744 2847 et

374 2913 547 2978 tenendum
567 2911 674 2975 omnis
693 2910 835 2993 predicte
855 2915 1039 2973 tenemeuts
1051 2916 1084 2972 et
1098 2916 1199 2974 terres
1219 2929 1293 2973 cum
1311 2912 1457 2975 omnibns
1477 2912 1659 2978 tenenulrus
1679 2919 1744 2976 tum

372 3046 460 3111 libris
479 3063 576 3127 quem
595 3042 711 3107 nativis
725 3048 757 3105 et
771 3040 916 3104 omnibus
935 3059 1044 3103 eorum
1057 3038 1231 3104 redditibus
1243 3048 1278 3106 et
1290 3041 1430 3106 serviciis
1442 3061 1507 3107 uns
1519 3062 1592 3108 cum
1604 3044 1749 3126 piscariis

373 3177 513 3260 guedinis
532 3174 703 3256 curtilup'is
723 3172 842 3254 cctsgis
861 3172 921 3236 viis
949 3171 1071 3236 semitis
1089 3171 1189 3236 vestie
1208 3173 1347 3254 pasturis
1367 3179 1400 3238 et
1420 3192 1493 3237 cum
1513 3169 1659 3239 omnibus
1679 3175 1750 3239 uliis

376 3306 580 3394 pertinenciis
601 3305 642 3369 ed
661 3303 788 3368 lendum
808 3301 848 3365 de
868 3301 1127 3364 Mssusuuusssus
1147 3300 1326 3383 eliqusliter
1355 3301 1573 3384 spectsutssrus
1601 3303 1749 3384 predictis

370 3441 563 3506 menum
593 3435 748 3498 Inuum
768 3439 801 3496 et
821 3451 931 3496 serum
950 3429 1117 3496 heredibus
1136 3433 1189 3496 vel
1209 3432 1380 3514 assignetis
1399 3432 1479 3498 sdeo
1504 3434 1600 3500 libere
1624 3434 1746 3516 integre

373 3580 407 3638 et
441 3568 546 3653 quiete
580 3565 661 3629 sicut
695 3581 835 3646 unqusm
868 3563 1037 3626 chsnnus
1071 3562 1207 3625 Suwssn
1235 3571 1327 3645 peter
1351 3581 1442 3627 meus
1471 3563 1556 3628 lilius
1588 3571 1623 3627 et
1657 3563 1747 3628 heres

368 3699 677 3770 dominiDsrsmnss
709 3694 845 3758 srwmn
872 3691 986 3756 melius
1015 3693 1140 3774 plenius
1160 3700 1193 3756 et
1213 3693 1341 3757 liberius
1370 3693 1483 3758 tenuit.
1525 3695 1581 3759 Its
1599 3695 1745 3760 videlicet

373 3833 457 3919 quod
477 3850 536 3895 nec
549 3848 608 3893 nos
621 3827 698 3890 dicti
717 3826 887 3890 inmune
900 3831 933 3890 et
946 3825 967 3888 J
968 3841 1098 3888 cussus
1118 3845 1176 3890 nec
1196 3824 1328 3890 heredes
1353 3826 1455 3890 nostri
1467 3787 1631 3909 ¹essignuti
1648 3827 1746 3891 nostri

372 3985 431 4032 uec
451 3962 565 4045 uliquis
586 3959 667 4023 eiius
686 3977 743 4040 per
762 3974 821 4020 nos
839 3956 891 4020 vel
910 3974 967 4038 pro
987 3954 1078 4020 nobis
1098 3955 1219 4020 nomini
1238 3962 1348 4020 nostro
1376 3975 1433 4022 seu
1452 3954 1608 4022 instinctu
1637 3965 1747 4024 nostro

372 4103 441 4164 erte
460 4095 513 4159 vel
525 4091 651 4174 ingenio
671 4109 728 4154 seu
747 4088 852 4169 sliquc
871 4087 968 4151 modo
986 4087 1049 4152 ulio
1069 4086 1186 4170 eliquid
1206 4087 1284 4169 juris
1304 4087 1354 4152 vel
1374 4089 1487 4152 clumei
1498 4089 1533 4151 in
1546 4089 1693 4155 cmm‘bus
1711 4095 1746 4154 et

375 4225 506 4308 singulis
525 4220 676 4306 predictis
696 4226 729 4285 et
749 4237 859 4282 eorum
886 4215 1088 4300 pertinenciis
1108 4224 1144 4281 ut
1162 4217 1340 4298 predictum
1360 4223 1410 4282 sst
1429 4218 1596 4282 vendicsrs
1623 4220 1747 4303 exigere

374 4374 432 4420 seu
451 4355 587 4418 clsmure
607 4351 781 4434 poterimus
809 4369 868 4414 nec
899 4348 1049 4412 debemus
1079 4349 1320 4431 imperpetuum.
1360 4349 1406 4412 iit
1433 4347 1475 4413 sb
1505 4351 1592 4412 omni
1622 4350 1748 4414 seticum

374 4481 555 4563 calumpnia
573 4488 606 4545 et
626 4479 783 4544 demendo
810 4485 1023 4561 protestemur
1042 4495 1101 4544 nos
1120 4497 1177 4560 per
1196 4484 1360 4559 pressum
1379 4477 1446 4543 lore
1475 4479 1623 4544 exclusos
1643 4481 1679 4543 iu
1697 4479 1745 4543 lu·

383 4621 501 4678 turum.
542 4609 705 4675 Ncsverc
724 4607 802 4675 dicti
828 4607 1000 4676 icmsrne
1020 4615 1053 4676 et
1073 4609 1224 4676 icussm
1253 4608 1361 4678 omnis
1390 4615 1492 4678 terres
1511 4617 1545 4678 et
1565 4616 1749 4680 minens·
