3932 5498
1624 737 1680 796 181

264 1040 364 1096 et
404 1043 502 1120 onpnt
522 1035 674 1100 orientale
694 1035 794 1120 ipsius
814 1035 940 1102 dimidie
960 1051 1032 1100 sore
1052 1056 1124 1100 uum
1144 1057 1210 1102 una
1228 1045 1360 1120 paroate
1378 1039 1598 1120 prenominata
1618 1049 1725 1104 exten·

271 1159 441 1232 ditur
461 1168 502 1233 ed
522 1175 640 1232 terrem
660 1168 822 1240 Josesrrs
842 1167 1003 1232 Temnon
1017 1175 1050 1232 et
1070 1175 1165 1250 eaput
1186 1169 1256 1249 ejus
1275 1170 1470 1235 oooidenteie
1490 1171 1671 1236 extenditur
1684 1171 1726 1242 ed

275 1297 472 1364 terram
486 1303 614 1364 Euboe:
628 1299 668 1364 de
681 1299 860 1362 Lmnoon
874 1319 934 1380 que
948 1305 1078 1363 vocatur
1093 1300 1178 1362 Susn
1192 1300 1294 1362 Am.
1336 1298 1511 1363 Habendos
1525 1306 1557 1363 et
1571 1302 1726 1366 tenendus

281 1423 440 1494 dieto
461 1431 629 1494 Wsnrrreo
649 1429 773 1492 Pronus
793 1435 826 1491 et
846 1427 1014 1492 heredibus
1039 1428 1105 1490 suis
1135 1428 1202 1490 sive
1230 1427 1399 1509 essignatis
1429 1429 1494 1520 suis
1514 1429 1565 1492 vel
1585 1431 1636 1498 oui
1655 1431 1727 1497 illes

286 1557 436 1628 dues
455 1561 614 1643 predictas
635 1579 724 1622 aeres
744 1558 778 1621 iu
799 1557 948 1621 extremis
967 1557 1072 1638 legere
1091 1555 1225 1621 voluerit
1244 1555 1284 1623 de
1313 1575 1366 1619 me
1390 1563 1423 1620 et
1451 1557 1621 1634 heredibus
1646 1559 1727 1636 meis

296 1697 404 1757 vel
426 1691 596 1774 assignatis
616 1690 697 1753 meis
725 1689 822 1752 libere
853 1687 958 1770 quiete
988 1687 1069 1750 bene
1099 1685 1229 1768 peoidoe
1255 1686 1323 1754 sine
1352 1689 1532 1769 gravamine
1553 1697 1585 1758 et
1607 1689 1726 1772 absque

299 1823 536 1906 &alumpnie
562 1820 625 1884 mei
645 1827 678 1883 et
699 1838 841 1883 meorum
871 1817 1102 1900 inperpetuum.
1153 1817 1326 1892 Reddendo
1353 1819 1429 1896 inde
1457 1820 1623 1898 aunmtim
1649 1821 1729 1889 mihi

297 1957 378 2014 et
404 1951 576 2018 heredibus
595 1949 674 2014 meis
694 1950 759 2012 sire
781 1947 950 2028 assignetis
969 1947 1050 2012 meis
1070 1953 1207 2029 quatuor
1226 1947 1373 2012 denarios
1392 1949 1537 2013 videlieet
1556 1948 1597 2013 ed
1610 1951 1729 2014 festum

301 2081 526 2150 tlativitatis
538 2083 623 2146 beati
636 2082 798 2150 Jonssrus
817 2077 956 2160 baptiste
976 2078 1056 2142 duos
1076 2079 1222 2142 denarios
1235 2086 1267 2144 et
1281 2080 1323 2146 ed
1335 2081 1452 2146 festum
1473 2083 1576 2146 senati
1597 2083 1723 2150 Mrem·

320 2215 427 2280 ¹⁵‘trs
448 2215 529 2278 duos
548 2211 695 2276 denarios
707 2230 765 2293 pro
779 2209 895 2274 auxilio
915 2208 1038 2272 herieto
1056 2209 1173 2272 relevio
1193 2217 1282 2275 secte
1299 2211 1385 2276 eurio
1408 2231 1466 2293 pro
1490 2213 1577 2290 omui
1597 2215 1728 2280 servicio

324 2345 487 2414 fleeulni
507 2345 671 2410 exactione
691 2341 971 2405 consuetudinibus
990 2346 1023 2404 et
1044 2339 1191 2405 omnibus
1209 2340 1375 2408 demendis
1395 2361 1456 2426 qus
1485 2344 1526 2418 de
1556 2351 1642 2410 terre
1661 2347 1725 2414 exi·

339 2485 468 2562 guntur
487 2475 537 2540 vel
558 2473 640 2555 exigi
668 2477 828 2554 poterunt.
885 2472 955 2554 ligo
988 2491 1064 2536 vero
1094 2471 1254 2554 predictus
1289 2473 1477 2539 Wenrssus
1505 2475 1613 2540 Ooous
1642 2477 1726 2544 iilius

346 2611 498 2674 Humor
519 2609 599 2674 Geor
620 2611 653 2670 st
673 2604 806 2668 heredes
826 2603 889 2668 mei
909 2604 960 2666 vel
981 2603 1135 2684 essignmi
1154 2605 1217 2668 mei
1237 2604 1397 2687 prediotes
1417 2606 1497 2672 duae
1525 2627 1616 2672 aeras
1641 2614 1725 2678 terre

352 2759 425 2804 oum
445 2735 645 2820 pertinentiis
666 2733 732 2798 suis
752 2733 837 2797 dioto
858 2733 1024 2798 wmrmo
1044 2740 1077 2798 et
1097 2733 1264 2801 heredibus
1284 2735 1349 2800 suis
1370 2735 1437 2810 eive
1466 2736 1637 2818 essignatis
1657 2739 1724 2807 suis

352 2871 403 2934 vel
423 2869 475 2932 oni
495 2887 550 2932 ees
579 2867 614 2929 in
642 2865 792 2929 extremis
819 2865 924 2946 legere
954 2866 1088 2936 voluerit
1118 2872 1230 2938 eontra
1258 2885 1369 2932 omnes
1399 2866 1543 2932 homines
1562 2875 1596 2933 et
1615 2889 1726 2936 omnes

354 3000 487 3064 ieminas
522 2997 744 3078 inperpetuum
766 2994 1048 3060 warentirabimus
1079 2994 1327 3077 eoquietabimus
1355 3003 1388 3060 et
1416 2995 1628 3062 defendemus.
1680 3003 1724 3066 Et

349 3131 424 3212 quie
442 3129 514 3196 volo
534 3127 619 3210 quod
644 3126 703 3194 hoo
728 3145 801 3191 mee
830 3125 960 3189 donatio
988 3126 1150 3190 eoncessio
1170 3132 1203 3190 et
1223 3133 1310 3193 neue
1339 3128 1497 3208 presentis
1525 3128 1723 3196 confirmatio

355 3261 447 3326 robur
465 3257 668 3324 firmitudinis
688 3256 854 3339 optineant
882 3255 943 3320 hoo
971 3273 1102 3337 presens
1132 3256 1286 3338 seriptum
1315 3255 1407 3341 sigilli
1426 3257 1490 3322 mei
1519 3257 1724 3340 impressione

354 3393 481 3460 munivi.
523 3391 599 3456 Hiis
631 3388 767 3454 testibus
796 3385 926 3456 domino
956 3386 1123 3451 Wenuuuo
1148 3387 1188 3452 de
1218 3387 1334 3454 Rem
1374 3389 1532 3452 Parmeno
1560 3389 1721 3454 nemeen

354 3525 548 3588 Anrxsrroso
561 3521 626 3586 filio
640 3521 800 3585 Mnemon
843 3519 962 3584 Trous
982 3518 1143 3584 semron
1177 3519 1253 3584 Isso
1282 3519 1402 3602 [elion
1430 3519 1590 3588 unomen
1611 3521 1719 3588 rnre-

353 3673 444 3720 mesu
467 3655 653 3719 Wmmnno
674 3653 765 3722 Anao
785 3657 819 3718 et
841 3649 922 3718 aliis.

950 4031 1129 4098 oxovm.

513 4163 650 4228 ΟΑΒΤΑ
671 4163 872 4226 WALTERI
892 4163 948 4227 LE
969 4163 1094 4228 WY'I'E
1116 4159 1278 4225 numum
1299 4159 1358 4224 Du
1379 4159 1559 4224 REIGNY.

816 4294 922 4374 [Aun:
945 4293 1071 4358 Cursu:
1095 4293 1145 4362 24.
1167 4293 1256 4372 Μ]

394 4427 502 4492 eciem
521 4432 731 4509 prouenisset
745 4425 842 4493 nun
862 4425 946 4508 quor
966 4445 1024 4506 ero
1044 4402 1232 4493 witmer
1251 4423 1282 4488 10
1303 4423 1405 4487 wm
1419 4423 1459 4486 ee
1473 4422 1630 4488 umnocn
1650 4425 1723 4490 eeu

348 4559 490 4624 oonoeesi
509 4564 542 4622 et
563 4557 624 4622 heo
643 4557 784 4640 presenti
808 4563 898 4626 oerta
928 4575 1001 4623 mse
1027 4554 1213 4629 ooufirmevi
1241 4555 1369 4628 Mmorr
1400 4553 1440 4622 de
1469 4555 1599 4622 Rureur
1623 4573 1724 4624 uuum
1808 4633 1810 4638 Ι

352 4709 500 4758 mausum
533 4709 607 4756 oum
635 4689 761 4757 ourtiilo
785 4689 819 4754 in
844 4687 921 4760 ville
949 4687 990 4756 de
1020 4689 1178 4760 umoooe
1208 4687 1292 4774 quod
1321 4687 1446 4774 quidm
1476 4705 1623 4756 mausum
1653 4705 1726 4754 oum
1765 4713 1774 4726 ⁶
1878 4745 1881 4756 .
