3986 5502
437 785 496 851 100

397 1121 430 1180 et
450 1131 666 1180 euoceeeorum
685 1133 827 1179 meorum
847 1116 917 1180 Deo
937 1122 970 1180 et
989 1114 1121 1180 ecclesie
1141 1115 1234 1180 beete
1262 1113 1375 1179 Mem
1408 1113 1449 1178 de
1482 1115 1624 1180 Menum
1644 1123 1676 1180 et
1696 1133 1763 1180 mo·

398 1245 509 1310 neohie
522 1244 639 1308 ibidem
647 1243 717 1309 Deo
725 1244 933 1309 eervientibue
946 1245 1170 1326 inperpetuem
1184 1245 1389 1308 elemosinam
1402 1251 1507 1309 totum
1519 1245 1645 1309 feodum
1657 1265 1752 1310 menn

396 1379 436 1442 de
455 1379 673 1442 Bornvmen¹
695 1396 768 1441 cum
787 1376 933 1441 omnibus
952 1377 1154 1458 pertinenciis
1174 1377 1255 1452 euie;
1277 1375 1458 1440 habendum
1478 1383 1511 1440 et
1530 1375 1704 1441 tenendum
1722 1377 1755 1442 dv

395 1529 448 1574 me
468 1514 500 1573 et
520 1507 687 1572 heredibus
706 1507 787 1572 mele
806 1507 965 1572 reddendo
984 1507 1058 1572 inde
1079 1509 1244 1572 ennuetim
1264 1507 1360 1571 miehi
1374 1515 1406 1571 et
1420 1507 1586 1572 heredibus
1605 1509 1685 1572 meis
1698 1515 1759 1572 trel

394 1657 519 1702 mucce
548 1637 769 1720 sterlingorum
799 1637 840 1702 ed
873 1637 1074 1702 nativitatem
1101 1637 1188 1701 boeti
1215 1637 1377 1702 Joeervrue
1408 1638 1570 1703 Beerrern
1596 1659 1654 1723 pro
1674 1640 1761 1705 omni

396 1769 524 1833 servitio
543 1769 770 1834 consuetudine
790 1775 824 1833 et
844 1769 1009 1832 exactione
1030 1768 1163 1832 eeenlori
1184 1775 1316 1850 excepto
1345 1767 1475 1832 eervioio
1504 1769 1624 1833 dimidii
1651 1769 1761 1834 militie

395 1899 478 1964 unde
497 1899 630 1982 predicti
650 1901 798 1964 moneohi
818 1898 1051 1981 respondebunt
1072 1898 1207 1963 dominio
1221 1899 1261 1962 de
1275 1900 1422 1963 ervvou
1436 1897 1475 1962 de
1497 1899 1639 1982 predicto
1659 1899 1760 1964 feodo.

394 2031 558 2096 Relevium
578 2050 652 2095 vero
672 2030 711 2094 de
732 2030 843 2094 eedem
863 2037 949 2093 terre
968 2030 1218 2112 quandocunque
1246 2029 1386 2093 evenerit
1406 2029 1501 2092 leeiet
1521 2029 1613 2094 hereo
1633 2031 1687 2094 ille
1707 2029 1760 2114 qui

395 2161 577 2244 homagium
589 2160 685 2226 ieoiet
698 2161 737 2224 de
750 2161 837 2225 dicte
855 2159 947 2224 firmo
966 2161 1016 2224 vel
1036 2158 1122 2223 unde
1140 2159 1283 2224 voluerit.
1325 2159 1380 2223 Ite
1399 2158 1482 2241 quod
1501 2158 1649 2222 monechi
1669 2179 1764 2242 super

395 2293 457 2356 hoc
477 2313 542 2356 non
562 2293 771 2357 vexabuntur.
813 2291 908 2354 Hono
929 2289 1133 2353 do'netionem
1152 2289 1212 2353 leci
1225 2290 1374 2371 predictis
1393 2292 1559 2355 moneohie
1572 2299 1608 2356 ut
1621 2293 1760 2358 hebeent

393 2431 427 2488 et
447 2430 578 2487 teoeent
598 2422 718 2487 dietum
737 2421 864 2485 feodum
887 2419 927 2484 de
946 2439 998 2484 me
1017 2426 1051 2482 et
1070 2419 1237 2482 herodibus
1269 2419 1349 2482 meis
1376 2420 1472 2484 libere
1492 2428 1525 2485 et
1545 2423 1650 2503 quiete
1663 2429 1696 2486 et
1708 2443 1762 2506 po·

396 2553 484 2618 cilice
497 2572 570 2617 cum
589 2553 735 2617 omnibus
754 2551 956 2633 pertinenciis
976 2551 1042 2614 euie
1062 2551 1096 2614 in
1116 2549 1211 2613 bosco
1231 2557 1264 2614 et
1284 2551 1380 2633 pleno
1400 2551 1433 2613 in
1453 2551 1553 2632 protis
1573 2558 1607 2615 et
1625 2553 1761 2634 peeturir

396 2686 431 2750 in
450 2683 541 2768 equis
559 2683 749 2747 molendinis
769 2688 801 2746 et
821 2682 964 2765 piscariis
993 2687 1025 2745 et
1046 2680 1191 2744 omnibus
1212 2680 1305 2742 rebus
1325 2686 1358 2743 et
1379 2680 1575 2745 eieiementie
1596 2682 1678 2745 dont
1698 2683 1761 2748 ulle

396 2815 570 2880 elemosine
588 2814 715 2879 liberius
736 2813 846 2878 heberi
865 2819 971 2895 poteet
985 2814 1035 2876 vel
1048 2811 1150 2876 teneri
1169 2819 1302 2893 excepte
1321 2810 1408 2876 dicte
1427 2811 1519 2875 firme
1539 2819 1571 2875 et
1592 2813 1678 2876 dioto
1698 2833 1762 2878 eer-

395 2945 486 3010 vioio.
527 2945 572 3008 Et
592 2965 649 3028 ego
670 2952 703 3009 et
732 2944 864 3008 heredes
888 2944 951 3006 mei
978 2942 1254 3006 warentizebimue
1281 2943 1429 3024 prodictio
1453 2943 1617 3008 monechie
1646 2945 1762 3011 dictem

395 3075 598 3140 donationem
617 3081 730 3139 contre
749 3093 859 3138 omnee
887 3073 1031 3137 homines
1051 3079 1084 3135 et
1104 3093 1214 3135 omnee
1243 3073 1378 3136 feminee
1397 3073 1431 3136 in
1451 3081 1647 3156 perpetuum.
1689 3077 1762 3140 Hiie

396 3205 532 3270 toetrlm
561 3207 673 3269 aneo
703 3207 871 3268 Pmcnnrvo
899 3211 976 3266 tuno
1001 3202 1183 3267 vicecomite
1213 3201 1252 3264 de
1283 3171 1495 3266 Gmonoert’
1527 3205 1706 3270 Rimmon
1724 3206 1762 3272 de

399 3339 519 3404 dunum
556 3337 724 3402 Mounroro
744 3344 821 3400 tuno
841 3335 1061 3399 archidiacono
1081 3333 1250 3396 Lernnvrn
1290 3333 1379 3397 Rneo
1392 3340 1425 3397 et
1439 3335 1598 3400 Gnmrnvo
1618 3337 1762 3406 nornen·

397 3469 467 3550 ejue
505 3468 659 3550 Magistro
686 3468 868 3529 Renumno
896 3465 1027 3527 Menoe
1069 3463 1266 3527 wrnnrnmo
1296 3463 1336 3525 de
1369 3463 1490 3526 Rnrcru
1534 3465 1704 3531 Gouvrmo
1724 3466 1764 3532 de

393 3600 583 3676 Bounvmnn
614 3597 767 3662 domurn
789 3597 896 3661 Gnorr
940 3596 1107 3658 Wonrnno
1136 3595 1353 3658 Fumonnrven
1389 3595 1567 3660 Devenere
1598 3603 1631 3660 et
1665 3598 1758 3661 Woo·

395 3747 481 3794 roeo
499 3729 539 3794 de
560 3729 763 3792 Hevnnroen
793 3727 958 3790 monechie
977 3725 1017 3789 de
1039 3725 1190 3788 Meroen·
1226 3725 1382 3791 Boenm
1401 3725 1441 3790 de
1460 3726 1713 3792 Lmununm'
1728 3737 1760 3794 et

397 3861 507 3928 Eurus
527 3858 686 3926 conversis
706 3857 745 3922 de
766 3858 918 3922 Mimm'
940 3863 974 3920 et
993 3856 1103 3920 multis
1124 3855 1205 3920 eliis.

1007 4237 1156 4302 CXXXI.

739 4367 876 4434 OABTA
896 4367 1126 4432 WILLELMI
1146 4366 1206 4429 DE
1227 4365 1418 4431 LONDON.

467 4499 602 4580 [Dueev
621 4515 662 4563 or
682 4499 786 4563 Leno:
809 4499 977 4564 Bnerernn
996 4515 1038 4562 rto
1054 4499 1102 4561 18.
1124 4497 1209 4560 Fon:
1232 4497 1301 4571 136,
1322 4497 1457 4578 Donec]
1506 4495 1607 4564 (imon
1629 4499 1716 4564 1250.

439 4628 593 4694 Omnibus
607 4635 717 4693 ennete
731 4629 861 4693 eecleeie
874 4630 947 4692 filiis
961 4629 1159 4711 preecntibue
1172 4635 1204 4693 et
1218 4627 1333 4692 luturie
1346 4628 1551 4693 winnocum
1565 4629 1604 4693 de
1614 4629 1758 4694 mrnor’

265 4809 277 4824 „
397 4757 542 4825 sulutem.
585 4759 698 4828 &iotis
718 4781 770 4828 me
789 4761 973 4829 concilicet
994 4779 1126 4829 moneo
1144 4761 1255 4828 metris
1274 4779 1344 4827 mee
1364 4767 1397 4828 et
1416 4759 1523 4827 lretriv
1542 4762 1606 4828 mei
1626 4761 1758 4830 Tuom
