3996 5494
1487 707 1545 770 166

214 1012 280 1076 mei
308 1009 549 1092 impreecionem
575 1009 651 1074 duxi
675 1009 904 1094 opponendum.
946 1007 1020 1074 Hiir
1044 1008 1179 1076 nentur
1203 1008 1370 1074 wemno
1390 1008 1430 1073 de
1450 1007 1588 1075 neem

216 1143 379 1206 anmro
392 1141 482 1204 Peru
522 1141 853 1206 Penneeournrcon
893 1141 1092 1206 menneo
1109 1141 1185 1206 titio
1208 1140 1368 1204 idruntum
1402 1141 1588 1206 Wmnnnuo

219 1273 333 1336 Perre
372 1271 528 1336 Bocmno
556 1271 683 1336 anne
722 1271 1062 1338 neutrumne
1086 1271 1166 1336 eliis.
1207 1270 1329 1336 Datum
1354 1269 1439 1352 epod
1460 1271 1589 1334 Kennrr

214 1409 330 1469 cetero
348 1402 400 1466 die
419 1401 537 1466 mensio
570 1402 658 1467 Junii
691 1421 777 1468 enno
808 1402 896 1486 regni
926 1403 1021 1484 Rene
1050 1401 1196 1467 Humor
1224 1400 1281 1464 filii
1306 1400 1467 1466 Jourrrre
1493 1399 1587 1480 Reqie

218 1533 481 1618 quinquagesimo
501 1541 601 1598 sexto.

802 1849 1008 1918 onxxxw.

263 1982 403 2050 oritur
424 1979 565 2047 ADAMI
585 1981 673 2048 lut:
696 1979 819 2048 PHIIr:
841 1981 1098 2048 mmxertom
1119 1980 1281 2050 mmm
1301 1977 1362 2046 DE
1384 1975 1542 2048 REGNY.

672 2115 785 2216 tene:
806 2113 933 2181 Ome:
955 2115 1005 2180 24.
1027 2115 1117 2196 did]

258 2241 368 2308 Sciunt
379 2249 544 2324 presentes
556 2215 589 2308 ct
601 2244 700 2308 futuri
713 2244 796 2327 qnod
809 2263 866 2326 ego
881 2245 976 2309 ΑΜ
989 2245 1073 2309 filiun
1086 2254 1120 2312 et
1132 2246 1224 2310 heres
1237 2247 1387 2310 anmer
1401 2249 1591 2311 murum

221 2369 261 2437 de
280 2370 442 2437 ἰαῦσαι
463 2391 596 2437 eeeenm
615 2380 648 2437 et
668 2369 833 2439 voluntate
853 2374 969 2438 Amom
988 2373 1100 2440 metris
1112 2394 1164 2440 me
1178 2394 1216 2440 ec
1229 2383 1408 2460 spontenee
1426 2378 1591 2444 voluntate

222 2522 294 2567 mee
306 2502 380 2566 dedi
402 2503 543 2566 concessi
557 2509 589 2568 et
602 2502 890 2585 inperpetuumpro
901 2523 955 2568 me
967 2509 1000 2568 et
1012 2503 1180 2570 hereddrue
1199 2505 1279 2570 meie
1298 2506 1440 2589 quietum
1458 2508 1594 2576 olumevi

223 2637 257 2696 ct
268 2630 410 2714 presenti
429 2630 546 2714 ecripto
566 2629 748 2695 confirmavi
761 2631 886 2695 Mmom
899 2631 939 2696 de
952 2632 1069 2696 Rncnr
1087 2650 1146 2715 pro
1164 2630 1273 2698 decem
1293 2635 1410 2700 celidon
1429 2638 1590 2720 eeterling·

218 2783 312 2828 orum
331 2781 411 2846 quoe
430 2762 510 2827 mihi
528 2769 564 2832 et
580 2762 677 2826 metri
694 2781 765 2826 mee
784 2762 872 2827 dedit
891 2763 1094 2844 premunitus
1112 2771 1217 2829 totum
1236 2765 1287 2847 ius
1301 2773 1334 2830 et
1347 2767 1496 2832 clemium
1509 2768 1619 2851 quod·

224 2894 323 2958 hebui
341 2893 392 2958 vel
407 2893 516 2975 ulique
536 2891 631 2956 modo
650 2891 767 2958 hebere
796 2891 886 2974 potui
913 2893 1040 2958 racione
1069 2893 1255 2959 hereditatis
1284 2895 1416 2977 predicti
1443 2898 1593 2962 aneer

223 3025 324 3108 petrin
344 3025 407 3088 mei
426 3024 461 3087 in
479 3029 549 3088 toto
568 3029 751 3087 tenemento
771 3029 854 3087 terre
874 3041 947 3087 cnm
966 3043 1080 3089 menno
1092 3029 1125 3088 et
1145 3041 1218 3088 cum
1237 3025 1440 3106 pertinenciis
1454 3034 1487 3092 ct
1501 3028 1592 3093 liber·

221 3157 343 3222 tutibus
363 3151 429 3220 euie
448 3151 532 3236 quod
551 3150 739 3218 Wmnnnue
758 3153 862 3216 Tmnr
881 3149 1056 3219 annonae
1073 3172 1164 3218 meur
1183 3149 1268 3218 filiun
1289 3154 1481 3221 Annxrrner
1502 3157 1586 3222 ner-

222 3303 312 3349 noen
332 3281 492 3366 quondam
521 3278 624 3344 tenuit
652 3279 693 3343 de
717 3279 845 3344 domino
875 3277 990 3345 cbbete
1009 3288 1042 3344 et
1062 3287 1220 3346 conventu
1240 3282 1280 3346 de
1299 3283 1424 3349 umen·
1445 3287 1480 3350 in
1500 3287 1592 3354 feodo

226 3413 266 3476 de
294 3411 465 3475 Lernoen.
505 3408 689 3473 Tenendnm
708 3414 742 3472 et
768 3407 948 3473 habendum
974 3409 1149 3491 predictam
1177 3417 1294 3476 terrum
1321 3379 1397 3478 cum
1426 3435 1539 3481 menno
1557 3425 1591 3482 et

222 3541 370 3607 omnibus
393 3538 458 3603 enie
470 3537 672 3620 pertinenciis
685 3545 717 3602 et
731 3536 928 3602 libertatibus
941 3537 1007 3602 euin
1017 3539 1084 3604 eine
1098 3539 1203 3623 eliquo
1223 3537 1431 3608 diminutione
1450 3543 1592 3626 predicto

224 3675 350 3738 Mmom
377 3678 423 3735 etx
438 3671 605 3734 heredibus
629 3677 663 3734 et
683 3670 851 3751 ceeignmie
884 3669 951 3734 enin
984 3676 1040 3735 eut
1074 3672 1247 3754 cuicunque
1276 3681 1310 3738 et
1341 3674 1591 3757 quandocunque
1621 3681 1629 3684 “

224 3821 297 3866 eum
315 3800 350 3864 in
370 3806 440 3864 toto
458 3801 510 3864 vel
529 3799 563 3862 in
578 3805 670 3882 perte
688 3797 765 3863 dere
792 3798 927 3864 vendere
954 3795 1060 3881 legare
1094 3800 1254 3882 assignem
1283 3800 1334 3866 vel
1362 3802 1466 3884 niiqnc
1496 3800 1590 3865 modo

223 3933 362 3997 elicuere
380 3931 513 3996 voluerit
525 3930 560 3993 in
573 3947 768 4013 quocumque
788 3935 877 3994 etutn
888 3929 982 3994 inerit
994 3929 1059 3994 vite
1072 3950 1128 3994 ene
1141 3930 1237 3994 libere
1256 3929 1361 4011 quiete
1372 3929 1453 3994 bene
1466 3931 1500 3994 in
1513 3947 1593 4010 pete

227 4063 348 4145 integre
378 4068 411 4126 et
441 4059 630 4125 hereditario
658 4058 727 4125 eine
754 4060 841 4124 omni
868 4060 1090 4125 reclumetione
1109 4057 1173 4124 mei
1192 4066 1249 4124 eut
1268 4057 1420 4122 heredum
1449 4077 1592 4124 meorum

226 4193 456 4276 inperpetuum.
498 4189 671 4254 Reddendo
691 4195 724 4254 et
743 4188 887 4255 iaciendo
915 4187 988 4254 inde
1016 4189 1182 4254 ennnetim
1207 4187 1335 4271 oepitnli
1361 4189 1491 4254 domino
1509 4189 1594 4256 feodi

230 4368 384 4387 ............
387 4319 545 4386 redditum
573 4324 607 4385 et
636 4319 800 4386 cervicium
829 4327 1015 4385 consuetum
1035 4320 1074 4385 de
1094 4318 1179 4384 dicto
1211 4325 1403 4384 tenemento.
1445 4321 1594 4387 Preteree

224 4452 340 4520 dediet
352 4451 495 4518 concerni
514 4450 655 4534 predicto
676 4451 802 4517 Mrnorr
821 4457 854 4516 et
874 4450 1042 4516 teodure
1062 4451 1127 4516 euie
1147 4451 1197 4516 vel
1217 4449 1386 4532 resignetis
1389 4497 1463 4515 ......
1467 4453 1510 4515 nd
1514 4500 1588 4516 ......

229 4585 262 4650 in
284 4585 365 4652 terto
387 4583 491 4651 cencii
512 4583 698 4652 Murmure
718 4583 883 4652 mantin
903 4599 1002 4650 unum
1022 4583 1185 4650 decerium
1206 4583 1328 4666 argenti
1342 4583 1380 4650 dc
1396 4585 1592 4651 Ammineo
