<?xml version="1.0" encoding="UTF-8"?>
<!DOCTYPE html PUBLIC "-//W3C//DTD XHTML 1.0 Transitional//EN"
    "http://www.w3.org/TR/xhtml1/DTD/xhtml1-transitional.dtd">
<html xmlns="http://www.w3.org/1999/xhtml" xml:lang="en" lang="en">
 <head>
  <title>
</title>
<meta http-equiv="Content-Type" content="text/html;charset=utf-8" />
  <meta name='ocr-system' content='tesseract 3.04.00' />
  <meta name='ocr-capabilities' content='ocr_page ocr_carea ocr_par ocr_line ocrx_word'/>
</head>
<body>
  <div class='ocr_page' id='page_1' title='image "./cartetaliamunim00abbegoog_0144.png"; bbox 0 0 3986 5502; ppageno 0'>
   <div class='ocr_carea' id='block_1_1' title="bbox 1500 745 1559 808">
    <p class='ocr_par' dir='ltr' id='par_1_1' title="bbox 1500 745 1559 808">
     <span class='ocr_line' id='line_1_1' title="bbox 1500 745 1559 808; baseline 0.034 -2"><span class='ocrx_word' id='word_1_1' title='bbox 1500 745 1559 808; x_wconf 84' lang='lat'>119</span> 
     </span>
    </p>
   </div>
   <div class='ocr_carea' id='block_1_2' title="bbox 227 1047 1600 1892">
    <p class='ocr_par' dir='ltr' id='par_1_2' title="bbox 227 1047 1600 1892">
     <span class='ocr_line' id='line_1_2' title="bbox 229 1047 1597 1134; baseline -0.001 -17"><span class='ocrx_word' id='word_1_2' title='bbox 229 1050 376 1117; x_wconf 87' lang='lat' dir='ltr'>tiusnciis</span> <span class='ocrx_word' id='word_1_3' title='bbox 407 1051 473 1116; x_wconf 91' lang='lat' dir='ltr'>suis</span> <span class='ocrx_word' id='word_1_4' title='bbox 499 1050 640 1134; x_wconf 85' lang='lat' dir='ltr'>predicto</span> <span class='ocrx_word' id='word_1_5' title='bbox 668 1049 826 1116; x_wconf 78' lang='lat' dir='ltr'>Pumm’o</span> <span class='ocrx_word' id='word_1_6' title='bbox 846 1054 879 1113; x_wconf 86' lang='lat' dir='ltr'>et</span> <span class='ocrx_word' id='word_1_7' title='bbox 901 1047 1068 1114; x_wconf 79' lang='lat' dir='ltr'>heredibus</span> <span class='ocrx_word' id='word_1_8' title='bbox 1099 1047 1164 1112; x_wconf 89' lang='lat' dir='ltr'>suis</span> <span class='ocrx_word' id='word_1_9' title='bbox 1191 1048 1243 1113; x_wconf 83' lang='lat' dir='ltr'>sel</span> <span class='ocrx_word' id='word_1_10' title='bbox 1262 1049 1328 1112; x_wconf 87' lang='lat' dir='ltr'>suis</span> <span class='ocrx_word' id='word_1_11' title='bbox 1351 1049 1519 1132; x_wconf 72' lang='lat' dir='ltr'>assignetis</span> <span class='ocrx_word' id='word_1_12' title='bbox 1539 1068 1597 1132; x_wconf 83' lang='lat' dir='ltr'>pro</span> 
     </span>
     <span class='ocr_line' id='line_1_3' title="bbox 227 1178 1594 1264; baseline 0 -20"><span class='ocrx_word' id='word_1_13' title='bbox 227 1181 370 1264; x_wconf 83' lang='lat' dir='ltr'>predicto</span> <span class='ocrx_word' id='word_1_14' title='bbox 391 1179 521 1244; x_wconf 81' lang='lat' dir='ltr'>servicio</span> <span class='ocrx_word' id='word_1_15' title='bbox 541 1186 653 1243; x_wconf 78' lang='lat' dir='ltr'>contus</span> <span class='ocrx_word' id='word_1_16' title='bbox 671 1195 782 1242; x_wconf 90' lang='lat' dir='ltr'>omnes</span> <span class='ocrx_word' id='word_1_17' title='bbox 800 1184 911 1260; x_wconf 82' lang='lat' dir='ltr'>gentes</span> <span class='ocrx_word' id='word_1_18' title='bbox 929 1178 964 1240; x_wconf 91' lang='lat' dir='ltr'>in</span> <span class='ocrx_word' id='word_1_19' title='bbox 993 1185 1189 1260; x_wconf 84' lang='lat' dir='ltr'>perpetuum.</span> <span class='ocrx_word' id='word_1_20' title='bbox 1231 1182 1274 1242; x_wconf 80' lang='lat' dir='ltr'>ut</span> <span class='ocrx_word' id='word_1_21' title='bbox 1303 1183 1341 1243; x_wconf 88' lang='lat' dir='ltr'>ut</span> <span class='ocrx_word' id='word_1_22' title='bbox 1369 1179 1429 1243; x_wconf 88' lang='lat' dir='ltr'>hec</span> <span class='ocrx_word' id='word_1_23' title='bbox 1448 1199 1520 1244; x_wconf 82' lang='lat' dir='ltr'>mes</span> <span class='ocrx_word' id='word_1_24' title='bbox 1540 1180 1594 1244; x_wconf 86' lang='lat' dir='ltr'>do·</span> 
     </span>
     <span class='ocr_line' id='line_1_4' title="bbox 233 1307 1600 1392; baseline 0.001 -20"><span class='ocrx_word' id='word_1_25' title='bbox 233 1309 326 1372; x_wconf 84' lang='lat' dir='ltr'>nscio</span> <span class='ocrx_word' id='word_1_26' title='bbox 355 1308 518 1372; x_wconf 85' lang='lat' dir='ltr'>concessio</span> <span class='ocrx_word' id='word_1_27' title='bbox 536 1314 570 1373; x_wconf 90' lang='lat' dir='ltr'>et</span> <span class='ocrx_word' id='word_1_28' title='bbox 598 1307 754 1390; x_wconf 87' lang='lat' dir='ltr'>presentis</span> <span class='ocrx_word' id='word_1_29' title='bbox 783 1314 870 1371; x_wconf 83' lang='lat' dir='ltr'>curte</span> <span class='ocrx_word' id='word_1_30' title='bbox 894 1327 964 1372; x_wconf 90' lang='lat' dir='ltr'>mee</span> <span class='ocrx_word' id='word_1_31' title='bbox 983 1308 1183 1372; x_wconf 85' lang='lat' dir='ltr'>conlirmecio</span> <span class='ocrx_word' id='word_1_32' title='bbox 1202 1307 1326 1373; x_wconf 81' lang='lat' dir='ltr'>firmum</span> <span class='ocrx_word' id='word_1_33' title='bbox 1345 1309 1440 1372; x_wconf 85' lang='lat' dir='ltr'>robur</span> <span class='ocrx_word' id='word_1_34' title='bbox 1458 1327 1600 1392; x_wconf 87' lang='lat' dir='ltr'>perseve-</span> 
     </span>
     <span class='ocr_line' id='line_1_5' title="bbox 227 1435 1594 1519; baseline 0.001 -17"><span class='ocrx_word' id='word_1_35' title='bbox 227 1438 335 1502; x_wconf 82' lang='lat' dir='ltr'>ssncie</span> <span class='ocrx_word' id='word_1_36' title='bbox 355 1439 522 1519; x_wconf 74' lang='lat' dir='ltr'>optineant</span> <span class='ocrx_word' id='word_1_37' title='bbox 542 1456 613 1500; x_wconf 81' lang='lat' dir='ltr'>sum</span> <span class='ocrx_word' id='word_1_38' title='bbox 632 1441 778 1518; x_wconf 89' lang='lat' dir='ltr'>presente</span> <span class='ocrx_word' id='word_1_39' title='bbox 798 1443 887 1500; x_wconf 78' lang='lat' dir='ltr'>curte</span> <span class='ocrx_word' id='word_1_40' title='bbox 906 1456 978 1500; x_wconf 88' lang='lat' dir='ltr'>mes</span> <span class='ocrx_word' id='word_1_41' title='bbox 997 1443 1031 1500; x_wconf 88' lang='lat' dir='ltr'>et</span> <span class='ocrx_word' id='word_1_42' title='bbox 1050 1435 1143 1518; x_wconf 77' lang='lat' dir='ltr'>sigilli</span> <span class='ocrx_word' id='word_1_43' title='bbox 1161 1436 1224 1500; x_wconf 91' lang='lat' dir='ltr'>mei</span> <span class='ocrx_word' id='word_1_44' title='bbox 1253 1435 1457 1518; x_wconf 75' lang='lat' dir='ltr'>impressione</span> <span class='ocrx_word' id='word_1_45' title='bbox 1482 1441 1594 1504; x_wconf 85' lang='lat' dir='ltr'>confir·</span> 
     </span>
     <span class='ocr_line' id='line_1_6' title="bbox 230 1565 1595 1647; baseline 0.001 -18"><span class='ocrx_word' id='word_1_46' title='bbox 230 1565 328 1629; x_wconf 78' lang='lat' dir='ltr'>musi.</span> <span class='ocrx_word' id='word_1_47' title='bbox 371 1565 445 1629; x_wconf 89' lang='lat' dir='ltr'>Hiis</span> <span class='ocrx_word' id='word_1_48' title='bbox 458 1565 592 1630; x_wconf 73' lang='lat' dir='ltr'>testibus</span> <span class='ocrx_word' id='word_1_49' title='bbox 605 1565 732 1630; x_wconf 90' lang='lat' dir='ltr'>domino</span> <span class='ocrx_word' id='word_1_50' title='bbox 746 1566 890 1630; x_wconf 83' lang='lat' dir='ltr'>Hueosu</span> <span class='ocrx_word' id='word_1_51' title='bbox 911 1568 1158 1631; x_wconf 74' lang='lat' dir='ltr'>Diseusssnonn</span> <span class='ocrx_word' id='word_1_52' title='bbox 1180 1573 1256 1630; x_wconf 90' lang='lat' dir='ltr'>tuuc</span> <span class='ocrx_word' id='word_1_53' title='bbox 1275 1566 1448 1647; x_wconf 83' lang='lat' dir='ltr'>justioisrio</span> <span class='ocrx_word' id='word_1_54' title='bbox 1468 1568 1595 1632; x_wconf 80' lang='lat' dir='ltr'>Assum</span> 
     </span>
     <span class='ocr_line' id='line_1_7' title="bbox 233 1693 1597 1762; baseline 0.001 -2"><span class='ocrx_word' id='word_1_55' title='bbox 233 1697 373 1760; x_wconf 72' lang='lat' dir='ltr'>licem</span> <span class='ocrx_word' id='word_1_56' title='bbox 403 1695 444 1759; x_wconf 86' lang='lat' dir='ltr'>de</span> <span class='ocrx_word' id='word_1_57' title='bbox 474 1696 644 1760; x_wconf 67' lang='lat' dir='ltr'>fflsnsono</span> <span class='ocrx_word' id='word_1_58' title='bbox 685 1696 855 1761; x_wconf 77' lang='lat' dir='ltr'>Nionomo</span> <span class='ocrx_word' id='word_1_59' title='bbox 887 1699 1080 1762; x_wconf 75' lang='lat' dir='ltr'>Suseummn</span> <span class='ocrx_word' id='word_1_60' title='bbox 1120 1693 1303 1760; x_wconf 81' lang='lat' dir='ltr'>Eussnnuo</span> <span class='ocrx_word' id='word_1_61' title='bbox 1333 1697 1373 1760; x_wconf 85' lang='lat' dir='ltr'>de</span> <span class='ocrx_word' id='word_1_62' title='bbox 1403 1697 1498 1761; x_wconf 81' lang='lat' dir='ltr'>Bous</span> <span class='ocrx_word' id='word_1_63' title='bbox 1542 1697 1597 1762; x_wconf 83' lang='lat' dir='ltr'>Rs·</span> 
     </span>
     <span class='ocr_line' id='line_1_8' title="bbox 229 1825 1597 1892; baseline 0 0"><span class='ocrx_word' id='word_1_64' title='bbox 229 1843 339 1892; x_wconf 75' lang='lat' dir='ltr'>cunno</span> <span class='ocrx_word' id='word_1_65' title='bbox 358 1826 399 1889; x_wconf 84' lang='lat' dir='ltr'>de</span> <span class='ocrx_word' id='word_1_66' title='bbox 420 1829 632 1892; x_wconf 71' lang='lat' dir='ltr'>emwuuen</span> <span class='ocrx_word' id='word_1_67' title='bbox 652 1829 729 1890; x_wconf 92' lang='lat' dir='ltr'>tunc</span> <span class='ocrx_word' id='word_1_68' title='bbox 749 1825 982 1891; x_wconf 72' lang='lat' dir='ltr'>constabulario</span> <span class='ocrx_word' id='word_1_69' title='bbox 996 1827 1102 1890; x_wconf 71' lang='lat' dir='ltr'>&#39;luitis</span> <span class='ocrx_word' id='word_1_70' title='bbox 1116 1827 1258 1890; x_wconf 80' lang='lat' dir='ltr'>Iosnnu</span> <span class='ocrx_word' id='word_1_71' title='bbox 1295 1825 1447 1891; x_wconf 76' lang='lat' dir='ltr'>Jonmsn</span> <span class='ocrx_word' id='word_1_72' title='bbox 1468 1829 1508 1892; x_wconf 84' lang='lat' dir='ltr'>‹le</span> <span class='ocrx_word' id='word_1_73' title='bbox 1528 1827 1597 1892; x_wconf 84' lang='lat' dir='ltr'>Ms·</span> 
     </span>
    </p>
   </div>
   <div class='ocr_carea' id='block_1_3' title="bbox 230 1955 1598 2150">
    <p class='ocr_par' dir='ltr' id='par_1_3' title="bbox 230 1955 1598 2150">
     <span class='ocr_line' id='line_1_9' title="bbox 236 1955 1598 2023; baseline 0.001 -4"><span class='ocrx_word' id='word_1_74' title='bbox 236 1973 477 2020; x_wconf 78' lang='lat' dir='ltr'>ssmnussnnn</span> <span class='ocrx_word' id='word_1_75' title='bbox 516 1955 673 2022; x_wconf 81' lang='lat' dir='ltr'>Rosusuo</span> <span class='ocrx_word' id='word_1_76' title='bbox 693 1957 864 2022; x_wconf 76' lang='lat' dir='ltr'>emeterio</span> <span class='ocrx_word' id='word_1_77' title='bbox 903 1960 994 2022; x_wconf 74' lang='lat' dir='ltr'>Esus</span> <span class='ocrx_word' id='word_1_78' title='bbox 1013 1957 1053 2023; x_wconf 85' lang='lat' dir='ltr'>de</span> <span class='ocrx_word' id='word_1_79' title='bbox 1072 1958 1185 2022; x_wconf 73' lang='lat' dir='ltr'>lbmu</span> <span class='ocrx_word' id='word_1_80' title='bbox 1225 1957 1378 2022; x_wconf 78' lang='lat' dir='ltr'>Hssnsoo</span> <span class='ocrx_word' id='word_1_81' title='bbox 1391 1956 1431 2022; x_wconf 86' lang='lat' dir='ltr'>de</span> <span class='ocrx_word' id='word_1_82' title='bbox 1444 1957 1598 2022; x_wconf 75' lang='lat' dir='ltr'>wmm</span> 
     </span>
     <span class='ocr_line' id='line_1_10' title="bbox 230 2085 368 2150; baseline 0 0"><span class='ocrx_word' id='word_1_83' title='bbox 230 2093 268 2150; x_wconf 85' lang='lat' dir='ltr'>et</span> <span class='ocrx_word' id='word_1_84' title='bbox 288 2085 368 2150; x_wconf 86' lang='lat' dir='ltr'>sliis.</span> 
     </span>
    </p>
   </div>
   <div class='ocr_carea' id='block_1_4' title="bbox 232 2611 1601 3342">
    <p class='ocr_par' dir='ltr' id='par_1_4' title="bbox 232 2611 1601 3342">
     <span class='ocr_line' id='line_1_11' title="bbox 846 2611 989 2680; baseline -0.014 0"><span class='ocrx_word' id='word_1_85' title='bbox 846 2611 989 2680; x_wconf 71' lang='lat' dir='ltr'>(insVI.</span> 
     </span>
     <span class='ocr_line' id='line_1_12' title="bbox 601 2741 1233 2810; baseline -0.003 0"><span class='ocrx_word' id='word_1_86' title='bbox 601 2741 739 2810; x_wconf 75' lang='grc' dir='ltr'><strong>ΟΔΒΤΑ</strong></span> <span class='ocrx_word' id='word_1_87' title='bbox 759 2744 801 2809; x_wconf 82' lang='lat' dir='ltr'>A:</span> <span class='ocrx_word' id='word_1_88' title='bbox 824 2742 1006 2808; x_wconf 80' lang='lat' dir='ltr'>ABBA&#39;I&#39;IS</span> <span class='ocrx_word' id='word_1_89' title='bbox 1022 2744 1081 2808; x_wconf 78' lang='lat' dir='ltr'>DE</span> <span class='ocrx_word' id='word_1_90' title='bbox 1102 2743 1233 2809; x_wconf 73' lang='lat' dir='ltr'>snm.</span> 
     </span>
     <span class='ocr_line' id='line_1_13' title="bbox 786 2873 1560 2954; baseline 0.004 -18"><span class='ocrx_word' id='word_1_91' title='bbox 786 2874 947 2954; x_wconf 65' lang='grc' dir='ltr'>[Μαῖα</span> <span class='ocrx_word' id='word_1_92' title='bbox 967 2877 1056 2954; x_wconf 75' lang='lat' dir='ltr'>uss]</span> <span class='ocrx_word' id='word_1_93' title='bbox 1480 2873 1560 2940; x_wconf 76' lang='lat'>1266</span> 
     </span>
     <span class='ocr_line' id='line_1_14' title="bbox 276 3001 1600 3083; baseline 0.001 -16"><span class='ocrx_word' id='word_1_94' title='bbox 276 3001 440 3067; x_wconf 83' lang='lat' dir='ltr'>Universis</span> <span class='ocrx_word' id='word_1_95' title='bbox 459 3007 623 3083; x_wconf 73' lang='lat' dir='ltr'>presentes</span> <span class='ocrx_word' id='word_1_96' title='bbox 652 3003 761 3066; x_wconf 84' lang='lat' dir='ltr'>literss</span> <span class='ocrx_word' id='word_1_97' title='bbox 790 3003 902 3066; x_wconf 86' lang='lat' dir='ltr'>visuris</span> <span class='ocrx_word' id='word_1_98' title='bbox 930 3003 981 3068; x_wconf 86' lang='lat' dir='ltr'>vel</span> <span class='ocrx_word' id='word_1_99' title='bbox 1011 3003 1165 3067; x_wconf 76' lang='lat' dir='ltr'>audituris</span> <span class='ocrx_word' id='word_1_100' title='bbox 1192 3003 1290 3068; x_wconf 79' lang='lat' dir='ltr'>buter</span> <span class='ocrx_word' id='word_1_101' title='bbox 1318 3003 1357 3068; x_wconf 81' lang='lat' dir='ltr'>A:</span> <span class='ocrx_word' id='word_1_102' title='bbox 1377 3003 1481 3068; x_wconf 84' lang='lat' dir='ltr'>dictus</span> <span class='ocrx_word' id='word_1_103' title='bbox 1500 3004 1600 3068; x_wconf 82' lang='lat' dir='ltr'>sbbss</span> 
     </span>
     <span class='ocr_line' id='line_1_15' title="bbox 232 3131 1598 3212; baseline 0.004 -18"><span class='ocrx_word' id='word_1_104' title='bbox 232 3131 276 3194; x_wconf 85' lang='lat' dir='ltr'>de</span> <span class='ocrx_word' id='word_1_105' title='bbox 303 3131 401 3194; x_wconf 78' lang='lat' dir='ltr'>Nuus</span> <span class='ocrx_word' id='word_1_106' title='bbox 420 3136 454 3195; x_wconf 90' lang='lat' dir='ltr'>st</span> <span class='ocrx_word' id='word_1_107' title='bbox 474 3131 616 3212; x_wconf 84' lang='lat' dir='ltr'>ejusdem</span> <span class='ocrx_word' id='word_1_108' title='bbox 634 3131 696 3194; x_wconf 92' lang='lat' dir='ltr'>loci</span> <span class='ocrx_word' id='word_1_109' title='bbox 714 3136 888 3196; x_wconf 85' lang='lat' dir='ltr'>conventus</span> <span class='ocrx_word' id='word_1_110' title='bbox 917 3131 1053 3196; x_wconf 78' lang='lat' dir='ltr'>sulutem</span> <span class='ocrx_word' id='word_1_111' title='bbox 1072 3132 1106 3194; x_wconf 92' lang='lat' dir='ltr'>in</span> <span class='ocrx_word' id='word_1_112' title='bbox 1126 3131 1273 3196; x_wconf 92' lang='lat' dir='ltr'>Domino.</span> <span class='ocrx_word' id='word_1_113' title='bbox 1315 3131 1446 3196; x_wconf 82' lang='lat' dir='ltr'>Noverit</span> <span class='ocrx_word' id='word_1_114' title='bbox 1475 3133 1598 3199; x_wconf 85' lang='lat' dir='ltr'>univer·</span> 
     </span>
     <span class='ocr_line' id='line_1_16' title="bbox 233 3260 1601 3342; baseline 0.003 -17"><span class='ocrx_word' id='word_1_115' title='bbox 233 3261 317 3326; x_wconf 84' lang='lat' dir='ltr'>sitss</span> <span class='ocrx_word' id='word_1_116' title='bbox 335 3268 442 3325; x_wconf 84' lang='lat' dir='ltr'>vestre</span> <span class='ocrx_word' id='word_1_117' title='bbox 460 3260 544 3342; x_wconf 87' lang='lat' dir='ltr'>quod</span> <span class='ocrx_word' id='word_1_118' title='bbox 564 3280 623 3324; x_wconf 93' lang='lat' dir='ltr'>nos</span> <span class='ocrx_word' id='word_1_119' title='bbox 642 3260 808 3341; x_wconf 76' lang='lat' dir='ltr'>recipimus</span> <span class='ocrx_word' id='word_1_120' title='bbox 828 3261 867 3324; x_wconf 85' lang='lat' dir='ltr'>de</span> <span class='ocrx_word' id='word_1_121' title='bbox 888 3260 1016 3324; x_wconf 87' lang='lat' dir='ltr'>domino</span> <span class='ocrx_word' id='word_1_122' title='bbox 1036 3261 1235 3324; x_wconf 81' lang='lat' dir='ltr'>Wmnmnsso</span> <span class='ocrx_word' id='word_1_123' title='bbox 1264 3260 1403 3326; x_wconf 77' lang='lat' dir='ltr'>Mssnoo</span> <span class='ocrx_word' id='word_1_124' title='bbox 1422 3268 1541 3328; x_wconf 83' lang='lat' dir='ltr'>terrem</span> <span class='ocrx_word' id='word_1_125' title='bbox 1560 3265 1601 3330; x_wconf 80' lang='lat' dir='ltr'>cle</span> 
     </span>
    </p>
   </div>
   <div class='ocr_carea' id='block_1_5' title="bbox 125 3387 1603 4246">
    <p class='ocr_par' dir='ltr' id='par_1_5' title="bbox 125 3387 1603 4246">
     <span class='ocr_line' id='line_1_17' title="bbox 125 3387 1601 3474; baseline 0.001 -19"><span class='ocrx_word' id='word_1_126' title='bbox 125 3452 128 3465; x_wconf 21' lang='lat' dir='ltr'>A</span> <span class='ocrx_word' id='word_1_127' title='bbox 235 3391 461 3456; x_wconf 79' lang='lat' dir='ltr'>Bnnssnsssos</span> <span class='ocrx_word' id='word_1_128' title='bbox 480 3388 514 3452; x_wconf 92' lang='lat' dir='ltr'>iu</span> <span class='ocrx_word' id='word_1_129' title='bbox 533 3389 624 3452; x_wconf 82' lang='lat' dir='ltr'>feodo</span> <span class='ocrx_word' id='word_1_130' title='bbox 644 3388 684 3452; x_wconf 87' lang='lat' dir='ltr'>de</span> <span class='ocrx_word' id='word_1_131' title='bbox 704 3389 853 3454; x_wconf 79' lang='lat' dir='ltr'>Oennos&#39;</span> <span class='ocrx_word' id='word_1_132' title='bbox 875 3387 994 3452; x_wconf 88' lang='lat' dir='ltr'>eisdem</span> <span class='ocrx_word' id='word_1_133' title='bbox 1013 3388 1156 3452; x_wconf 89' lang='lat' dir='ltr'>terminis</span> <span class='ocrx_word' id='word_1_134' title='bbox 1176 3396 1209 3451; x_wconf 87' lang='lat' dir='ltr'>et</span> <span class='ocrx_word' id='word_1_135' title='bbox 1228 3388 1458 3456; x_wconf 73' lang='lat' dir='ltr'>conditionssuus</span> <span class='ocrx_word' id='word_1_136' title='bbox 1487 3391 1601 3474; x_wconf 88' lang='lat' dir='ltr'>quibus</span> 
     </span>
     <span class='ocr_line' id='line_1_18' title="bbox 232 3517 1598 3586; baseline 0.001 -1"><span class='ocrx_word' id='word_1_137' title='bbox 232 3520 370 3585; x_wconf 81' lang='lat' dir='ltr'>eundem</span> <span class='ocrx_word' id='word_1_138' title='bbox 390 3526 508 3583; x_wconf 78' lang='lat' dir='ltr'>terrem</span> <span class='ocrx_word' id='word_1_139' title='bbox 527 3519 659 3582; x_wconf 74' lang='lat' dir='ltr'>Pennus</span> <span class='ocrx_word' id='word_1_140' title='bbox 673 3520 833 3582; x_wconf 77' lang='lat' dir='ltr'>Bnusnus</span> <span class='ocrx_word' id='word_1_141' title='bbox 846 3518 949 3582; x_wconf 85' lang='lat' dir='ltr'>eidem</span> <span class='ocrx_word' id='word_1_142' title='bbox 962 3517 1090 3581; x_wconf 87' lang='lat' dir='ltr'>domiuo</span> <span class='ocrx_word' id='word_1_143' title='bbox 1110 3518 1309 3582; x_wconf 80' lang='lat' dir='ltr'>Wmnmmso</span> <span class='ocrx_word' id='word_1_144' title='bbox 1328 3521 1458 3586; x_wconf 80' lang='lat' dir='ltr'>tredidit</span> <span class='ocrx_word' id='word_1_145' title='bbox 1478 3521 1598 3586; x_wconf 87' lang='lat' dir='ltr'>scilicet</span> 
     </span>
     <span class='ocr_line' id='line_1_19' title="bbox 234 3645 1602 3730; baseline 0.001 -17"><span class='ocrx_word' id='word_1_146' title='bbox 234 3649 278 3714; x_wconf 81' lang='lat' dir='ltr'>sd</span> <span class='ocrx_word' id='word_1_147' title='bbox 298 3649 422 3711; x_wconf 78' lang='lat' dir='ltr'>firmm</span> <span class='ocrx_word' id='word_1_148' title='bbox 441 3647 706 3730; x_wconf 76' lang='lat' dir='ltr'>vigintiquatuor</span> <span class='ocrx_word' id='word_1_149' title='bbox 725 3666 880 3710; x_wconf 76' lang='lat' dir='ltr'>annorum</span> <span class='ocrx_word' id='word_1_150' title='bbox 899 3666 918 3709; x_wconf 92' lang='lat' dir='ltr'>e</span> <span class='ocrx_word' id='word_1_151' title='bbox 938 3647 1050 3727; x_wconf 89' lang='lat' dir='ltr'>qmbus</span> <span class='ocrx_word' id='word_1_152' title='bbox 1070 3652 1192 3727; x_wconf 90' lang='lat' dir='ltr'>septem</span> <span class='ocrx_word' id='word_1_153' title='bbox 1221 3645 1287 3727; x_wconf 84' lang='lat' dir='ltr'>jem</span> <span class='ocrx_word' id='word_1_154' title='bbox 1307 3648 1406 3730; x_wconf 86' lang='lat' dir='ltr'>elspsi</span> <span class='ocrx_word' id='word_1_155' title='bbox 1426 3655 1459 3714; x_wconf 90' lang='lat' dir='ltr'>et</span> <span class='ocrx_word' id='word_1_156' title='bbox 1478 3655 1602 3715; x_wconf 80' lang='lat' dir='ltr'>restent</span> 
     </span>
     <span class='ocr_line' id='line_1_20' title="bbox 232 3774 1603 3859; baseline 0 -17"><span class='ocrx_word' id='word_1_157' title='bbox 232 3783 359 3858; x_wconf 86' lang='lat' dir='ltr'>septem</span> <span class='ocrx_word' id='word_1_158' title='bbox 378 3776 488 3842; x_wconf 84' lang='lat' dir='ltr'>decem</span> <span class='ocrx_word' id='word_1_159' title='bbox 507 3775 619 3858; x_wconf 88' lang='lat' dir='ltr'>quibus</span> <span class='ocrx_word' id='word_1_160' title='bbox 639 3775 757 3838; x_wconf 86' lang='lat' dir='ltr'>dictum</span> <span class='ocrx_word' id='word_1_161' title='bbox 776 3781 893 3838; x_wconf 85' lang='lat' dir='ltr'>terrem</span> <span class='ocrx_word' id='word_1_162' title='bbox 912 3774 1088 3838; x_wconf 81' lang='lat' dir='ltr'>tenebimus</span> <span class='ocrx_word' id='word_1_163' title='bbox 1102 3774 1183 3837; x_wconf 75' lang='lat' dir='ltr'>siem</span> <span class='ocrx_word' id='word_1_164' title='bbox 1202 3775 1325 3857; x_wconf 86' lang='lat' dir='ltr'>plenius</span> <span class='ocrx_word' id='word_1_165' title='bbox 1338 3777 1501 3859; x_wconf 87' lang='lat' dir='ltr'>inscripto</span> <span class='ocrx_word' id='word_1_166' title='bbox 1519 3779 1603 3844; x_wconf 86' lang='lat' dir='ltr'>inter</span> 
     </span>
     <span class='ocr_line' id='line_1_21' title="bbox 231 3903 1595 3986; baseline 0 -14"><span class='ocrx_word' id='word_1_167' title='bbox 231 3907 364 3972; x_wconf 86' lang='lat' dir='ltr'>eosdem</span> <span class='ocrx_word' id='word_1_168' title='bbox 383 3906 527 3970; x_wconf 83' lang='lat' dir='ltr'>conlecto</span> <span class='ocrx_word' id='word_1_169' title='bbox 546 3905 726 3968; x_wconf 75' lang='lat' dir='ltr'>sentinetur</span> <span class='ocrx_word' id='word_1_170' title='bbox 746 3903 821 3966; x_wconf 89' lang='lat' dir='ltr'>hinc</span> <span class='ocrx_word' id='word_1_171' title='bbox 842 3909 891 3966; x_wconf 90' lang='lat' dir='ltr'>est</span> <span class='ocrx_word' id='word_1_172' title='bbox 917 3903 1001 3983; x_wconf 87' lang='lat' dir='ltr'>quod</span> <span class='ocrx_word' id='word_1_173' title='bbox 1020 3919 1080 3964; x_wconf 89' lang='lat' dir='ltr'>nos</span> <span class='ocrx_word' id='word_1_174' title='bbox 1106 3921 1162 3984; x_wconf 85' lang='lat' dir='ltr'>per</span> <span class='ocrx_word' id='word_1_175' title='bbox 1188 3921 1318 3983; x_wconf 88' lang='lat' dir='ltr'>presens</span> <span class='ocrx_word' id='word_1_176' title='bbox 1345 3905 1496 3986; x_wconf 89' lang='lat' dir='ltr'>scriptum</span> <span class='ocrx_word' id='word_1_177' title='bbox 1522 3927 1595 3972; x_wconf 93' lang='lat' dir='ltr'>con·</span> 
     </span>
     <span class='ocr_line' id='line_1_22' title="bbox 233 4032 1599 4116; baseline 0.001 -18"><span class='ocrx_word' id='word_1_178' title='bbox 233 4035 363 4099; x_wconf 77' lang='lat' dir='ltr'>litemus</span> <span class='ocrx_word' id='word_1_179' title='bbox 389 4041 422 4098; x_wconf 89' lang='lat' dir='ltr'>et</span> <span class='ocrx_word' id='word_1_180' title='bbox 449 4035 622 4116; x_wconf 76' lang='lat' dir='ltr'>obligemus</span> <span class='ocrx_word' id='word_1_181' title='bbox 648 4053 706 4098; x_wconf 92' lang='lat' dir='ltr'>nos</span> <span class='ocrx_word' id='word_1_182' title='bbox 732 4034 816 4115; x_wconf 85' lang='lat' dir='ltr'>quod</span> <span class='ocrx_word' id='word_1_183' title='bbox 843 4034 977 4096; x_wconf 76' lang='lat' dir='ltr'>ducente</span> <span class='ocrx_word' id='word_1_184' title='bbox 1004 4032 1115 4096; x_wconf 83' lang='lat' dir='ltr'>eodem</span> <span class='ocrx_word' id='word_1_185' title='bbox 1141 4032 1233 4096; x_wconf 83' lang='lat' dir='ltr'>firme</span> <span class='ocrx_word' id='word_1_186' title='bbox 1257 4032 1336 4095; x_wconf 88' lang='lat' dir='ltr'>nihil</span> <span class='ocrx_word' id='word_1_187' title='bbox 1359 4033 1399 4096; x_wconf 85' lang='lat' dir='ltr'>de</span> <span class='ocrx_word' id='word_1_188' title='bbox 1425 4033 1512 4099; x_wconf 72' lang='lat' dir='ltr'>(licto</span> <span class='ocrx_word' id='word_1_189' title='bbox 1537 4041 1599 4100; x_wconf 83' lang='lat' dir='ltr'>ter·</span> 
     </span>
     <span class='ocr_line' id='line_1_23' title="bbox 234 4159 1600 4246; baseline 0.002 -17"><span class='ocrx_word' id='word_1_190' title='bbox 234 4183 274 4229; x_wconf 78' lang='lat' dir='ltr'>rs</span> <span class='ocrx_word' id='word_1_191' title='bbox 298 4165 484 4246; x_wconf 81' lang='lat' dir='ltr'>recipiemus</span> <span class='ocrx_word' id='word_1_192' title='bbox 510 4163 551 4228; x_wconf 82' lang='lat' dir='ltr'>sd</span> <span class='ocrx_word' id='word_1_193' title='bbox 576 4163 819 4244; x_wconf 76' lang='lat' dir='ltr'>perpetuitatem</span> <span class='ocrx_word' id='word_1_194' title='bbox 846 4169 879 4226; x_wconf 90' lang='lat' dir='ltr'>et</span> <span class='ocrx_word' id='word_1_195' title='bbox 906 4161 1032 4224; x_wconf 80' lang='lat' dir='ltr'>feodum</span> <span class='ocrx_word' id='word_1_196' title='bbox 1069 4159 1186 4242; x_wconf 86' lang='lat' dir='ltr'>ubsque</span> <span class='ocrx_word' id='word_1_197' title='bbox 1221 4159 1353 4224; x_wconf 87' lang='lat' dir='ltr'>scientis</span> <span class='ocrx_word' id='word_1_198' title='bbox 1378 4167 1411 4224; x_wconf 90' lang='lat' dir='ltr'>et</span> <span class='ocrx_word' id='word_1_199' title='bbox 1436 4163 1600 4232; x_wconf 70' lang='lat' dir='ltr'>voluntate</span> 
     </span>
    </p>
   </div>
   <div class='ocr_carea' id='block_1_6' title="bbox 235 4287 1601 4504">
    <p class='ocr_par' dir='ltr' id='par_1_6' title="bbox 235 4287 1601 4504">
     <span class='ocr_line' id='line_1_24' title="bbox 236 4287 1601 4372; baseline -0.001 -12"><span class='ocrx_word' id='word_1_200' title='bbox 236 4295 438 4360; x_wconf 76' lang='lat' dir='ltr'>dominorum</span> <span class='ocrx_word' id='word_1_201' title='bbox 463 4292 502 4355; x_wconf 87' lang='lat' dir='ltr'>de</span> <span class='ocrx_word' id='word_1_202' title='bbox 529 4292 656 4356; x_wconf 75' lang='lat' dir='ltr'>Oouos’</span> <span class='ocrx_word' id='word_1_203' title='bbox 701 4291 755 4372; x_wconf 90' lang='lat' dir='ltr'>qui</span> <span class='ocrx_word' id='word_1_204' title='bbox 779 4309 836 4371; x_wconf 85' lang='lat' dir='ltr'>pro</span> <span class='ocrx_word' id='word_1_205' title='bbox 862 4296 1003 4371; x_wconf 87' lang='lat' dir='ltr'>tompore</span> <span class='ocrx_word' id='word_1_206' title='bbox 1039 4289 1166 4352; x_wconf 81' lang='lat' dir='ltr'>tuerint.</span> <span class='ocrx_word' id='word_1_207' title='bbox 1206 4287 1248 4352; x_wconf 91' lang='lat' dir='ltr'>In</span> <span class='ocrx_word' id='word_1_208' title='bbox 1274 4287 1365 4369; x_wconf 84' lang='lat' dir='ltr'>eujus</span> <span class='ocrx_word' id='word_1_209' title='bbox 1390 4288 1435 4352; x_wconf 84' lang='lat' dir='ltr'>rei</span> <span class='ocrx_word' id='word_1_210' title='bbox 1460 4291 1601 4358; x_wconf 88' lang='lat' dir='ltr'>testimo·</span> 
     </span>
     <span class='ocr_line' id='line_1_25' title="bbox 235 4417 1601 4504; baseline -0.002 -16"><span class='ocrx_word' id='word_1_211' title='bbox 235 4425 324 4488; x_wconf 87' lang='lat' dir='ltr'>nium</span> <span class='ocrx_word' id='word_1_212' title='bbox 350 4420 491 4504; x_wconf 86' lang='lat' dir='ltr'>presenti</span> <span class='ocrx_word' id='word_1_213' title='bbox 515 4421 631 4502; x_wconf 88' lang='lat' dir='ltr'>scripto</span> <span class='ocrx_word' id='word_1_214' title='bbox 658 4421 793 4502; x_wconf 83' lang='lat' dir='ltr'>sigillum</span> <span class='ocrx_word' id='word_1_215' title='bbox 827 4427 969 4483; x_wconf 81' lang='lat' dir='ltr'>nostnum</span> <span class='ocrx_word' id='word_1_216' title='bbox 1004 4417 1215 4500; x_wconf 77' lang='lat' dir='ltr'>apposuimus.</span> <span class='ocrx_word' id='word_1_217' title='bbox 1256 4417 1377 4481; x_wconf 83' lang='lat' dir='ltr'>Dstum</span> <span class='ocrx_word' id='word_1_218' title='bbox 1402 4419 1436 4482; x_wconf 90' lang='lat' dir='ltr'>in</span> <span class='ocrx_word' id='word_1_219' title='bbox 1462 4421 1601 4485; x_wconf 76' lang='lat' dir='ltr'>cmstino</span> 
     </span>
    </p>
   </div>
   <div class='ocr_carea' id='block_1_7' title="bbox 238 4537 1706 4636">
    <p class='ocr_par' dir='ltr' id='par_1_7' title="bbox 238 4537 1706 4636">
     <span class='ocr_line' id='line_1_26' title="bbox 238 4537 1706 4636; baseline -0.004 -16"><span class='ocrx_word' id='word_1_220' title='bbox 238 4555 323 4620; x_wconf 83' lang='lat' dir='ltr'>besti</span> <span class='ocrx_word' id='word_1_221' title='bbox 349 4555 512 4620; x_wconf 73' lang='lat' dir='ltr'>tomen</span> <span class='ocrx_word' id='word_1_222' title='bbox 531 4552 677 4636; x_wconf 84' lang='lat' dir='ltr'>Bsptiste</span> <span class='ocrx_word' id='word_1_223' title='bbox 703 4571 788 4617; x_wconf 84' lang='lat' dir='ltr'>suno</span> <span class='ocrx_word' id='word_1_224' title='bbox 815 4550 944 4616; x_wconf 89' lang='lat' dir='ltr'>Domini</span> <span class='ocrx_word' id='word_1_225' title='bbox 970 4549 1136 4614; x_wconf 91' lang='lat' dir='ltr'>millesimo</span> <span class='ocrx_word' id='word_1_226' title='bbox 1162 4546 1378 4614; x_wconf 87' lang='lat' dir='ltr'>ducentesimo</span> <span class='ocrx_word' id='word_1_227' title='bbox 1408 4551 1601 4633; x_wconf 77' lang='lat' dir='ltr'>sexsgssimc</span> <span class='ocrx_word' id='word_1_228' title='bbox 1696 4537 1706 4554; x_wconf 78' lang='grc'><strong>”</strong></span> 
     </span>
    </p>
   </div>
   <div class='ocr_carea' id='block_1_8' title="bbox 237 4689 340 4750">
    <p class='ocr_par' dir='ltr' id='par_1_8' title="bbox 237 4689 340 4750">
     <span class='ocr_line' id='line_1_27' title="bbox 237 4689 340 4750; baseline -0.019 0"><span class='ocrx_word' id='word_1_229' title='bbox 237 4689 340 4750; x_wconf 83' lang='lat' dir='ltr'>sexto.</span> 
     </span>
    </p>
   </div>
   <div class='ocr_carea' id='block_1_9' title="bbox 0 0 2011 5502">
    <p class='ocr_par' dir='ltr' id='par_1_9' title="bbox 0 0 2011 5502">
     <span class='ocr_line' id='line_1_28' title="bbox 0 0 2011 5502; baseline 0 0"><span class='ocrx_word' id='word_1_230' title='bbox 0 0 2011 5502; x_wconf 95' lang='lat' dir='ltr'> </span> 
     </span>
    </p>
   </div>
  </div>
 </body>
</html>
