3986 5502
428 801 468 860 92

386 1118 491 1163 comes
522 1099 625 1164 Gnou'
660 1099 736 1164 iecit
756 1100 898 1162 Tuomst
925 1097 965 1162 ds
987 1097 1093 1163 Suom
1113 1093 1308 1164 ettomstum
1325 1118 1421 1164 suum
1445 1099 1485 1163 od
1504 1101 1752 1182 prosequendum

387 1231 635 1312 appellucionem
657 1251 747 1294 suem
773 1249 883 1294 versus
902 1215 1031 1294 dictum
1051 1229 1224 1295 Riomncu
1254 1229 1389 1294 Suwsuu
1409 1236 1442 1294 et
1461 1230 1508 1294 ite
1527 1232 1631 1312 potuit
1651 1233 1753 1298 fucere

390 1364 563 1428 secundum
583 1361 842 1426 cousuetudinem
862 1323 973 1442 petiis.

430 1496 616 1558 domuimus
636 1494 903 1556 ommonem
923 1509 1010 1554 mou
1030 1492 1153 1556 summ'
1174 1509 1231 1554 um
1252 1509 1339 1554 notu
1360 1485 1604 1556 'euomuisse
1626 1511 1752 1588 mecum

307 1675 311 1682 .
392 1626 602 1688 Nsumusms
632 1625 671 1686 B.
695 1623 740 1686 M.
763 1623 854 1686 Asso
890 1617 1037 1685 Eccum
1073 1623 1206 1686 usoms
1226 1621 1265 1686 de
1288 1623 1394 1686 snm
1422 1631 1602 1690 ettomstus
1630 1627 1753 1691 comitis

389 1763 421 1817 st
449 1755 480 1818 S.
512 1755 649 1817 Binum
670 1761 702 1816 et
722 1755 857 1817 usoms
878 1751 917 1816 de
948 1753 1186 1817 Bumocmo
1214 1761 1456 1834 comparuerunt
1476 1763 1509 1818 et
1536 1757 1699 1838 proferunt
1719 1777 1754 1822 sc

388 1904 497 1950 versus
526 1885 646 1947 dictum
678 1885 853 1946 Rxosuums
887 1884 1023 1946 stisu
1044 1889 1076 1946 st
1095 1883 1254 1964 petierunt
1282 1885 1445 1948 recordum
1473 1893 1505 1950 ct
1535 1886 1686 1968 iudicium
1713 1889 1752 1951 ds

390 2015 604 2096 appellecione
632 2013 719 2094 prius
749 2013 835 2076 tacta
865 2032 959 2094 super
978 2013 1098 2075 dictum
1117 2012 1156 2075 R.
1180 2014 1211 2076 S.
1233 2013 1273 2076 dc
1293 2015 1409 2078 felonis
1434 2021 1466 2078 et
1487 2017 1668 2080 seductione
1698 2038 1753 2100 per
1783 2051 1791 2064 ·

388 2146 509 2208 dictum
540 2145 739 2210 swcpnmuu
768 2143 913 2207 Bewosu
933 2148 966 2206 et
986 2142 1106 2206 dictum
1135 2143 1277 2206 Tuom
1302 2144 1342 2206 ds
1362 2145 1478 2209 B.-0.
1521 2147 1684 2212 Predictus
1712 2151 1751 2213 B.

391 2279 527 2340 stssn
556 2277 615 2339 fuit
636 2282 686 2338 ter
703 2281 835 2339 vocatus
856 2274 938 2336 sicut
957 2273 1011 2335 illc
1031 2273 1085 2354 qui
1116 2275 1292 2354 appellatus
1318 2275 1377 2337 fuit
1398 2275 1437 2338 dc
1457 2278 1574 2342 felonis
1592 2287 1625 2342 et
1646 2281 1753 2344 seduc-

390 2408 475 2470 tione
496 2406 619 2470 comitis
640 2411 673 2468 et
693 2424 758 2468 non
778 2403 864 2469 venit
885 2409 917 2466 st
936 2403 1020 2484 quod
1040 2421 1104 2465 nou
1134 2409 1249 2466 ventus
1269 2401 1328 2465 fuit
1347 2404 1484 2485 primum
1503 2407 1699 2474 recordatum
1720 2411 1754 2474 in

284 2605 289 2618 ¹
388 2537 483 2618 pleno
512 2535 665 2598 comitatu
685 2541 718 2596 st
738 2532 805 2595 diss
825 2532 919 2595 detur
938 2530 1031 2594 dictis
1058 2532 1177 2594 Tucim
1197 2531 1237 2594 de
1258 2533 1365 2595 Suom
1389 2539 1551 2600 attornetc
1579 2539 1702 2604 comitis
1721 2548 1754 2605 et

391 2666 422 2729 S.
445 2666 582 2729 Beuum<
612 2670 645 2728 et
667 2663 785 2726 Tucim
815 2661 855 2725 de
874 2661 991 2724 B.-c.
1028 2660 1069 2723 ed
1089 2661 1266 2740 proximum
1296 2663 1481 2726 comitatum
1511 2676 1694 2749 sequentem
1722 2681 1754 2736 ct

376 2801 465 2879 ¹quic
484 2797 650 2860 B1oesuus
672 2797 807 2859 stmu
827 2813 893 2856 non
912 2793 999 2856 venit
1018 2792 1141 2873 positus
1161 2793 1220 2854 tuit
1240 2793 1274 2854 in
1294 2793 1389 2856 tertie
1407 2794 1565 2862 demenda
1584 2801 1755 2864 secundum

391 2928 476 3007 leges
496 2932 529 2989 et
549 2925 792 2990 consuetudines
812 2923 924 3004 petris.

431 3057 676 3122 commiscent
691 3056 904 3119 somonam.
940 3052 1033 3114 Aron
1055 3053 1209 3115 Smouuu
1229 3053 1428 3117 N1osomuu
1442 3073 1498 3118 om
1512 3075 1599 3120 cusu
1615 3077 1755 3126 ssoxmo

391 3207 467 3250 soso
487 3206 614 3251 susuuu
637 3187 769 3250 Smoms
789 3203 831 3246 su
852 3184 940 3248 Junu
961 3201 1047 3245 suso
1066 3183 1105 3246 R.
1128 3183 1166 3245 R.
1189 3185 1238 3246 30.
1270 3185 1326 3263 [30
1347 3185 1444 3259 Oct’s‚
1468 3188 1570 3268 luto]

434 3317 595 3379 “Tacitis
615 3316 655 3378 de
687 3317 794 3378 Suum
824 3319 1005 3377 attornstus
1026 3313 1150 3375 comitis
1170 3321 1202 3375 et
1225 3314 1414 3378 Successus
1443 3316 1585 3382 Bitoco
1606 3327 1639 3384 st
1659 3323 1694 3385 T.
1716 3322 1754 3386 de

393 3445 632 3510 Eume-cmo
663 3451 904 3526 comparuerunt
925 3450 958 3506 et
978 3441 1140 3524 proterunt
1161 3463 1195 3506 se
1214 3463 1325 3507 versus
1357 3446 1477 3509 dictum
1506 3449 1544 3512 B.
1568 3449 1703 3516 ummo
1723 3463 1755 3518 et
1790 3442 1800 3448 ’

392 3577 551 3657 petierunt
581 3575 745 3638 recordum
765 3581 799 3638 et
819 3574 970 3654 judicium
998 3575 1064 3655 jem
1083 3581 1196 3655 querto
1216 3575 1255 3636 dc
1275 3577 1488 3657 eppellscione
1508 3582 1633 3645 comitis
1653 3584 1755 3648 dictus

391 3709 431 3770 R.
455 3708 591 3770 Suwsuu
611 3707 671 3768 tuit
691 3713 740 3769 ter
769 3713 902 3768 vocotus
922 3706 1003 3768 sicut
1023 3707 1076 3768 ills
1107 3706 1160 3786 qui
1185 3706 1362 3786 appellatus
1382 3708 1442 3770 fuit
1461 3708 1501 3770 de
1520 3709 1636 3775 felonia
1656 3721 1688 3776 et
1709 3733 1754 3777 se-

392 3837 540 3900 ductione
568 3835 693 3899 comitis
713 3841 745 3898 st
766 3855 831 3898 nou
851 3835 937 3898 venit
957 3835 1058 3915 primo
1088 3833 1242 3897 comitutu
1261 3855 1320 3896 nso
1350 3837 1487 3901 secundo
1507 3858 1565 3902 nec
1586 3843 1679 3907 tertio
1699 3865 1756 3908 nsc

393 3973 505 4049 querto
533 3984 591 4029 nec
623 3965 736 4047 aliquis
757 3965 810 4046 qui
836 3964 939 4044 ipsum
963 3971 1188 4045 munucuperct
1218 3964 1302 4027 unde
1329 3966 1492 4030 recordum
1520 3968 1560 4032 ds
1590 3975 1703 4037 comite
1723 3975 1756 4038 in

393 4098 547 4160 comitutu
566 4098 686 4161 fectum
715 4096 906 4178 adjudicavit
927 4096 1097 4159 comitatus
1117 4097 1238 4179 dictum
1257 4097 1296 4160 R.
1320 4098 1456 4160 stsuu
1476 4119 1546 4163 esse
1566 4089 1755 4184 wuyvistum

392 4227 432 4289 dc
451 4227 604 4291 comitatu
624 4234 657 4290 et
676 4234 824 4291 cocetum
844 4225 1072 4289 Wolveshsved
1086 4231 1118 4287 st
1139 4223 1198 4288 fuit
1218 4225 1252 4287 in
1272 4233 1385 4306 quartu
1403 4225 1562 4292 demands
1581 4233 1756 4312 wuyvistus

394 4355 426 4411 st
446 4348 506 4411 hoc
527 4350 701 4414 secundum
720 4349 981 4413 consuetudinem
1000 4355 1032 4411 et
1052 4347 1196 4428 usagium
1214 4349 1316 4428 putris
1337 4349 1376 4412 de
1397 4350 1610 4416 simonem.
1651 4355 1695 4418 Et
1716 4357 1756 4418 ed

393 4475 568 4558 predictum
581 4478 665 4541 diem
679 4497 740 4560 quo
753 4479 870 4541 milites
883 4483 1036 4542 venerunt
1049 4484 1083 4539 et
1096 4477 1310 4540 testificabant
1323 4479 1486 4542 recordum
1498 4483 1586 4546 uenit
1598 4485 1757 4565 pmdictus

394 4605 559 4668 Biossuus
580 4614 612 4669 st
632 4607 746 4670 obtulit
768 4626 801 4670 se
822 4627 930 4671 versus
950 4607 1126 4687 predictum
1146 4607 1184 4671 R.
1206 4607 1246 4670 dc
1267 4608 1376 4672 Gmsu
1405 4611 1552 4674 comitem
1581 4613 1702 4678 Goouo'
1724 4625 1757 4680 et

395 4737 463 4818 ipsc
477 4737 641 4804 convenit
655 4745 715 4804 eto.
758 4739 851 4805 Uudc
864 4747 1010 4820 precatus
1030 4739 1089 4803 tuit
1103 4738 1275 4804 vicecomes
1289 4739 1328 4803 de
1350 4741 1551 4808 Gmuososs
1572 4743 1758 4828 distringere
