3932 5498
1545 752 1603 817 173

264 1045 310 1111 de
329 1065 381 1112 me
400 1047 492 1130 eujus
511 1046 639 1114 dimidie
656 1065 730 1114 sere
749 1053 845 1133 esput
864 1047 1017 1114 orientale
1036 1047 1218 1115 extenditur
1236 1065 1335 1135 nsque
1355 1051 1397 1118 ed
1416 1057 1533 1120 terrem
1553 1055 1645 1122 Hur-

271 1196 339 1242 mor
369 1178 409 1242 de
440 1179 566 1244 enom
586 1187 619 1243 et
640 1185 736 1262 eaput
765 1179 959 1244 oecidentnle
987 1197 1087 1262 usque
1107 1180 1149 1243 ed
1168 1187 1286 1245 terrem
1315 1181 1476 1247 Journnrs
1495 1184 1534 1248 de
1560 1186 1644 1252 Inn-

267 1327 378 1374 noe·
392 1315 425 1372 et
438 1329 504 1373 uus
516 1309 645 1373 dimidie
658 1329 732 1373 uero
743 1309 828 1390 jeoet
841 1309 911 1372 loeo
925 1307 1090 1373 nominato
1109 1309 1303 1375 Monuwuon
1316 1310 1438 1375 Isnnsn
1449 1313 1534 1377 inter
1546 1333 1644 1380 unum

271 1441 358 1506 vium
370 1459 434 1522 que
446 1440 510 1504 itur
523 1439 563 1502 de
577 1439 706 1503 Kenunr
726 1439 811 1522 opud
832 1439 941 1504 Goeen
955 1446 989 1502 et
1002 1445 1120 1504 terrem
1138 1439 1251 1522 prioris
1272 1441 1402 1505 eoelesie
1415 1441 1508 1507 berte
1532 1443 1645 1508 Meum

264 1569 310 1634 de
330 1570 468 1634 Kenuru.
509 1570 554 1632 stt
574 1569 694 1633 dietum
713 1570 907 1652 quarterium
927 1575 1010 1634 terre
1029 1571 1114 1652 jeeet
1133 1569 1167 1634 in
1187 1571 1292 1653 espite
1310 1572 1429 1638 boreeli
1448 1577 1532 1656 preti
1560 1579 1645 1660 quod

271 1701 331 1764 tuit
350 1700 511 1783 quondum
529 1699 607 1764 dieti
627 1701 819 1766 Annum
839 1700 924 1783 quod
944 1699 1063 1764 scilieet
1083 1700 1181 1766 Isero
1200 1701 1313 1768 hebuit
1332 1703 1374 1766 ed
1393 1705 1518 1770 firmem
1530 1706 1570 1771 de
1582 1729 1645 1774 me.

271 1830 464 1896 Hebendem
483 1838 516 1896 et
537 1831 709 1896 tenendam
735 1831 821 1896 dioto
850 1832 1018 1912 wsmnno
1038 1837 1072 1896 et
1091 1831 1259 1897 heredibus
1287 1835 1354 1899 suis
1381 1836 1448 1902 sive
1478 1837 1647 1921 assignetis
1783 1887 1786 1896 .

271 1961 339 2026 suis
358 1961 398 2025 de
418 1961 546 2026 domino
570 1961 673 2044 priore
702 1961 853 2024 eoolesiee
883 1961 977 2026 berte
1008 1961 1121 2025 Mmm
1142 1961 1182 2026 de
1203 1962 1333 2027 Renum
1352 1965 1407 2048 qui
1424 1984 1484 2048 pro
1504 1973 1645 2051 tempore

270 2091 364 2154 inerit
384 2091 481 2155 litere
511 2092 616 2174 quiete
636 2091 718 2156 bone
737 2091 868 2174 peoifiee
897 2093 1019 2174 integre
1050 2093 1118 2156 eine
1138 2095 1329 2177 gravamine.
1372 2095 1545 2162 Beddendo
1570 2100 1644 2166 iude

267 2223 435 2288 ernustim
463 2222 550 2286 dioto
577 2221 706 2286 domino
733 2222 829 2304 priori
857 2223 911 2306 qui
935 2240 993 2306 pro
1013 2229 1154 2304 tempore
1184 2223 1279 2288 inerit
1299 2224 1478 2308 quindecim
1498 2227 1643 2294 denarios

269 2353 414 2418 videlieet
433 2353 476 2418 ed
488 2354 606 2418 testum
619 2354 722 2418 saneti
735 2353 924 2418 Mrunnnure
937 2359 1060 2438 septem
1079 2354 1226 2421 denarios
1238 2361 1272 2420 et
1285 2356 1413 2421 obolum
1426 2363 1459 2422 et
1473 2358 1514 2423 ed
1526 2359 1647 2441 posohe

269 2493 390 2568 septem
409 2484 556 2548 denarios
569 2491 602 2548 et
615 2483 743 2548 obolum
762 2503 820 2566 pro
838 2484 925 2548 omni
955 2483 1087 2549 servioio
1117 2485 1251 2550 secuturi
1279 2486 1444 2552 exactione
1474 2495 1642 2556 eonsuetu-

269 2616 394 2680 umens
407 2621 440 2680 et
460 2614 650 2680 omnimodis
669 2614 845 2680 demendis.
885 2615 931 2680 Et
951 2613 1025 2699 quis
1043 2617 1116 2681 volo
1135 2615 1220 2700 quod
1240 2615 1300 2682 hee
1319 2637 1392 2683 mes
1410 2619 1551 2684 venditio
1570 2640 1643 2686 eon·

270 2746 370 2810 sessio
389 2753 422 2810 et
434 2745 543 2829 quiete
562 2746 711 2810 clematio
730 2746 953 2828 inperpetuum
972 2752 1150 2829 perseveret
1170 2748 1312 2831 presenti
1331 2749 1448 2831 scripto
1468 2751 1562 2833 sigilli
1581 2753 1645 2818 mei

269 2877 505 2958 impressionem
525 2876 667 2959 opposui.
708 2875 782 2940 Hiis
796 2877 931 2940 tentione
944 2875 1073 2942 domino
1086 2877 1254 2942 Wruuuno
1267 2877 1307 2943 de
1320 2879 1437 2944 Rem
1472 2881 1644 2950 flunmen

262 3009 303 3074 de
317 3009 505 3074 Bessum
546 3008 694 3072 Ninoneo
713 3005 754 3070 de
773 3005 955 3070 Pnnnsnnu
995 3007 1152 3072 Boeunro
1172 3007 1309 3073 Gonnum
1349 3009 1496 3076 Brome
1517 3015 1637 3080 (intere

271 3139 436 3204 Wmnuso
456 3138 496 3204 de
517 3140 629 3205 (teser
684 3137 843 3202 remeo
871 3137 1033 3204 meon
1087 3139 1286 3206 Auumrune
1315 3141 1382 3206 titio
1413 3141 1574 3210 Mounson
1601 3144 1642 3212 de

268 3271 449 3337 Lernen-
490 3270 645 3336 Rosusuo
665 3268 792 3334 smne
812 3275 846 3334 et
866 3267 947 3334 otiis.

892 3647 1006 3714 snm.

270 3781 407 3848 CABTA
440 3779 619 3848 uuum
650 3779 737 3844 HL:
774 3779 819 3844 A:
850 3777 912 3842 DE
940 3777 1183 3847 nonnocflu
1218 3779 1430 3848 WALTRBO
1464 3782 1552 3848 FIL:
1588 3784 1639 3850 W.

871 3907 1042 3973 ΡΙΟΚΕΤ.

732 4039 841 4122 [Anuz
863 4039 993 4104 eamn:
1015 4040 1065 4105 24.
1088 4040 1177 4122 279]

309 4173 418 4238 setene
437 4180 601 4256 presentes
613 4179 646 4236 et
657 4171 758 4237 tuturi
777 4171 862 4255 quod
881 4189 940 4254 ego
960 4170 1096 4237 Onerum
1115 4171 1182 4237 ilie
1201 4171 1392 4236 Annum
1407 4169 1447 4236 de
1460 4170 1640 4239 hennom

269 4305 340 4370 dedi
358 4304 500 4370 ooncessi
520 4303 628 4368 etheo
647 4303 787 4386 presenti
806 4309 896 4368 certe
914 4322 988 4368 mes
1006 4303 1189 4368 oonfirmevi
1209 4302 1377 4367 wmnneo
1396 4301 1462 4367 filio
1481 4302 1642 4370 Wnuuuur

271 4437 392 4501 Proser
405 4454 463 4520 pro
476 4435 686 4520 qundreginto
699 4433 809 4500 solidis
822 4434 1045 4518 sterlingorum
1057 4435 1136 4498 mihi
1148 4433 1352 4517 premenibus
1371 4433 1499 4500 donem
1512 4435 1642 4501 tertium

265 4575 389 4648 portem
409 4565 566 4650 emulogii
585 4565 669 4649 quod
689 4565 750 4630 init
776 4567 967 4632 memnon
991 4565 1092 4649 petris
1111 4565 1175 4632 mei
1194 4565 1228 4629 in
1247 4565 1325 4631 'ville
1343 4565 1384 4631 de
1403 4565 1585 4631 hunnos·
1606 4566 1641 4630 in

279 4701 394 4781 [super]
410 4705 546 4783 quatuor
565 4715 655 4764 seres
668 4703 751 4765 terre
771 4694 1082 4768 misrrumum
1102 4717 1209 4767 sorem
1229 4704 1313 4766 terre
1332 4715 1432 4767 unum
1451 4697 1645 4784 quarterium
