3932 5498
415 765 473 830 198

368 1063 474 1146 quiete
486 1064 606 1146 integra
619 1064 698 1130 bene
711 1063 840 1146 pacifica
854 1067 886 1129 st
899 1062 967 1145 iura
980 1061 1172 1128 hereditario
1182 1061 1421 1144 imperpetuum.
1452 1059 1624 1126 Reddenda
1636 1061 1736 1125 auiam

371 1195 446 1260 inda
465 1197 631 1259 snnnatim
650 1196 746 1258 minhi
766 1201 798 1258 st
818 1195 986 1258 herad'bus
1005 1194 1084 1256 mais
1103 1191 1155 1258 val
1175 1191 1311 1274 assifftis
1331 1197 1396 1256 tres
1417 1191 1534 1254 solidos
1554 1191 1737 1272 argentia}

372 1330 507 1408 quatuor
527 1325 603 1388 anni
616 1325 767 1388 terminos
785 1323 976 1406 principales
989 1323 1077 1406 aquis
1095 1323 1293 1407 pernionibus
1311 1342 1369 1406 pro
1382 1323 1528 1387 omn'bns
1548 1322 1739 1386 sannlat'bns

370 1453 509 1520 serviciis
522 1462 555 1518 at
567 1455 732 1520 domandis
745 1475 806 1537 qna
818 1455 858 1520 de
872 1455 963 1520 turris
976 1463 1093 1518 exeunt
1105 1456 1156 1520 val
1169 1455 1257 1537 exegi
1269 1461 1429 1536 potarunt.
1471 1457 1513 1518 Et
1527 1472 1585 1534 ego
1597 1453 1740 1536 prsd’tus

371 1583 424 1648 W.
445 1583 486 1646 ds
506 1583 667 1646 Damnum
688 1588 721 1646 st
740 1583 865 1646 har'dss
895 1583 957 1647 mei
984 1583 1140 1664 prsd'tam
1168 1585 1312 1667 plausum
1341 1603 1415 1646 anm
1443 1582 1581 1664 pert’ciis
1608 1583 1740 1663 prsd'tis

371 1710 506 1777 Wsn’ao
533 1712 572 1776 ds
599 1713 737 1790 anann
757 1721 790 1776 et
811 1715 946 1777 Annuus
976 1715 1067 1778 uxori
1097 1734 1152 1779 sna
1180 1719 1212 1778 at
1239 1714 1406 1779 harad'bns
1426 1713 1504 1776 dieti
1523 1714 1652 1777 Wsn’ai
1672 1713 1739 1776 sive

371 1843 508 1924 assig'tis
528 1849 639 1907 tantm
658 1862 768 1906 omnes
788 1852 897 1925 gentes
917 1844 1194 1909 warantizabimus
1216 1851 1248 1908 st
1269 1844 1499 1927 imperpetuum
1526 1844 1740 1908 defendemus.

371 1973 413 2036 In
431 1974 521 2037 anius
540 1973 586 2036 rai
606 1973 823 2038 testimoninm
841 1973 916 2037 huin
935 1974 1075 2054 presenti
1094 1981 1181 2038 carta
1201 1973 1337 2055 sigillum
1356 1993 1462 2036 nusum
1482 1973 1623 2054 apposni.
1665 1973 1740 2036 Hns

372 2103 508 2168 testibus
538 2105 690 2170 Joniuun
721 2105 815 2170 Onna
862 2105 997 2168 nonnae
1027 2104 1066 2168 da
1096 2105 1258 2169 Ponnnna’
1281 2111 1358 2168 tuna
1382 2104 1549 2187 prepositis
1579 2104 1668 2185 burgi
1697 2104 1740 2167 da

372 2233 544 2298 mmm
591 2237 711 2299 Jos’iun
736 2233 776 2298 da
804 2235 918 2296 Risus
966 2235 1084 2298 Tuom
1103 2234 1217 2300 Inuus
1264 2235 1400 2298 Tausius
1431 2236 1543 2298 Annua
1592 2233 1742 2298 Bucinna

372 2367 460 2430 linus
501 2363 647 2426 Bmaano
660 2363 699 2426 da
714 2363 887 2426 Gannnoss
908 2369 940 2426 at
960 2364 1070 2427 multia
1089 2363 1170 2428 aliis.
1210 2363 1332 2427 Dinnis
1353 2364 1437 2445 apud
1457 2365 1583 2426 Knnim’
1600 2365 1650 2427 die
1663 2364 1739 2428 luna

372 2493 518 2578 proxima
544 2499 617 2576 post
644 2493 762 2558 testum
790 2494 876 2560 besti
904 2495 1044 2558 'smmi
1074 2494 1221 2580 Episuapi
1248 2501 1282 2560 at
1311 2495 1507 2563 contessoris
1537 2515 1621 2562 anno
1652 2497 1744 2578 regni

374 2627 468 2712 Bagis
488 2627 647 2692 Enwmt
666 2624 789 2692 decimo
808 2625 954 2691 ottavo.”

988 2855 1131 2922 CCXIV.

777 2983 1070 3051 CONSUETUDO
1090 2983 1286 3050 WALLIAE.

722 3113 824 3196 [Anat
845 3115 947 3178 Pnao:
969 3133 999 3178 n.
1021 3115 1090 3178 226.
1114 3115 1153 3180 19
1173 3115 1240 3178 En:
1262 3117 1308 3196 1.]
1550 3117 1699 3184 1290-1.

413 3241 619 3308 numus
632 3242 672 3307 ds
693 3243 788 3308 Bona
809 3259 915 3306 nomas
935 3244 1153 3308 Hnnnuonnin
1166 3251 1199 3309 st
1213 3247 1319 3308 Essnx
1340 3265 1473 3328 querens
1493 3246 1682 3313 Gmannnns
1702 3249 1744 3334 ds

376 3371 487 3438 Onnum
508 3391 613 3436 comas
633 3371 761 3435 Gnonn:
782 3380 815 3436 at
836 3373 968 3436 Hnans:
990 3373 1162 3437 defundens
1182 3393 1255 3437 num
1275 3376 1345 3439 aliis
1359 3367 1412 3458 qui
1432 3377 1541 3440 dicunt
1562 3380 1646 3460 quod
1665 3398 1740 3444 con-
1804 3420 1811 3440 ,1

375 3498 511 3564 suetudo
530 3500 688 3563 Wannmn
709 3499 763 3562 din
783 3501 914 3564 obtenta
944 3503 1018 3564 talis
1046 3510 1095 3566 est
1125 3503 1209 3585 qnod
1229 3503 1262 3566 in
1283 3506 1408 3568 nasibus
1435 3507 1489 3569 ubi
1519 3510 1745 3574 contentiones

374 3626 563 3692 emissurunt
581 3628 665 3690 inter
684 3635 847 3708 magnates
868 3630 1025 3694 Wannmn
1045 3631 1099 3714 qui
1119 3638 1230 3695 tenent
1243 3633 1283 3696 de
1296 3636 1414 3716 rogoin
1427 3636 1530 3716 eapite
1550 3637 1633 3720 qnod
1653 3647 1743 3704 anta-

374 3775 471 3844 quam
497 3757 625 3841 quarela
653 3757 711 3820 fiat
730 3757 764 3819 in
784 3758 871 3821 nuria
899 3759 993 3840 Regis
1011 3761 1052 3823 de
1082 3761 1231 3842 predictis
1261 3765 1519 3828 communionibus
1547 3768 1618 3849 capi
1648 3768 1744 3832 debet

377 3887 506 3974 quidum
525 3887 593 3950 diss
612 3887 728 3950 amoris
743 3887 807 3950 siva
826 3889 1027 3970 parliamenti
1048 3891 1102 3972 qni
1125 3893 1253 3974 quidam
1265 3893 1333 3958 <iias
1352 3904 1484 3959 vocatur
1503 3898 1570 3962 dies
1591 3899 1744 3966 Maronia

378 4024 412 4084 st
432 4017 476 4082 ibi
495 4035 552 4098 pst
578 4015 699 4082 vicinos
718 4023 752 4080 st
773 4017 891 4081 amisos
921 4036 1104 4085 communes
1129 4023 1183 4104 qui
1208 4031 1283 4087 sunt
1313 4027 1403 4107 qnasi
1430 4027 1597 4107 justiciarii
1624 4031 1744 4096 debent

377 4145 559 4230 hujusmodi
579 4147 704 4229 quarela
723 4148 857 4230 proponi
877 4154 910 4212 at
929 4167 987 4231 par
1006 4151 1266 4218 consuetudinum
1286 4154 1437 4222 Matthia
1458 4159 1619 4224 amendati
1637 4168 1699 4226 stu.

993 4365 1116 4434 nuxv.

601 4492 857 4560 couvnunm
877 4495 1013 4560 nunna
1033 4497 1138 4562 aas:
1161 4499 1220 4567 nn
1240 4458 1422 4568 mannan
1443 4506 1535 4571 nnn.

818 4625 946 4704 [Euam
970 4629 1096 4690 Cannu:
1119 4629 1158 4694 ut
1177 4648 1208 4693 s.
1230 4631 1298 4712 42]
1461 4636 1479 4699 1
1500 4637 1585 4704 Fun:
1609 4639 1697 4707 1291.

414 4749 485 4818 Hau
505 4757 555 4820 ast
576 4751 747 4822 annuentis
767 4753 854 4824 tanta
872 4753 956 4824 inte:
974 4755 1123 4828 abbatem
1135 4763 1168 4830 at
1180 4767 1371 4832 nonusntnm
1390 4763 1431 4832 da
1452 4764 1595 4838 Musunii
1614 4789 1653 4838 οι
1673 4791 1739 4844 una
