3932 5498
1445 753 1450 777 ⁴
1469 755 1530 824 ded

192 1062 361 1130 tresdecim
379 1081 503 1130 merces
522 1047 655 1147 arpenti.
672 1047 742 1128 ‘ut
761 1057 837 1148 quie
854 1055 928 1129 v'clc
946 1053 1033 1146 quod
1050 1059 1111 1130 hec
1130 1077 1203 1128 luce
1223 1054 1388 1129 ceuceeeic
1407 1071 1441 1130 et
1461 1065 1571 1149 quiete

194 1196 342 1262 clementio
362 1196 538 1261 stabiliret
557 1195 649 1262 firme
667 1195 702 1262 in
721 1202 911 1280 perpetuum
937 1201 1118 1279 pumen
1135 1195 1275 1280 presenti
1294 1195 1413 1280 scripte
1432 1195 1571 1280 sigium

199 1345 305 1394 rusum
326 1327 459 1412 eppceui
478 1333 539 1394 etc
1247 1361 1249 1366 v

690 1704 700 1744 ⁸
767 1719 773 1730 '
794 1707 948 1778 GOXIN.
1064 1717 1068 1728 '

429 1850 432 1859 '
456 1841 597 1912 unus
616 1841 767 1910 GBONO
788 1841 842 1906 ΔΡ
861 1841 1037 1908 ΟΒΔΒΟΟ
1057 1841 1118 1907 Dll
1139 1841 1314 1908 mvur.

728 1971 886 2055 [Fuscum
905 1973 1007 2054 Mes]
1275 1976 1296 2037 4
1316 1973 1414 2038 Men:
1438 1975 1527 2041 1³24.

236 2104 348 2171 Sciant
367 2111 531 2188 perantes
550 2109 584 2168 et
603 2102 703 2167 futuri
721 2101 806 2186 quud
826 2122 885 2184 egc
905 2103 1019 2167 Gnoso
1038 2120 1079 2166 er
1100 2105 1232 2170 eunucu
1258 2101 1410 2169 ΗΜ
1429 2105 1469 2169 de
1490 2104 1568 2170 Kru·

196 2254 257 2302 m
276 2235 350 2300 dedi
370 2235 512 2300 concessi
531 2241 564 2299 et
583 2233 644 2299 lruc
671 2233 812 2317 presenti
836 2240 927 2298 certe
955 2253 1028 2298 mes
1054 2233 1237 2298 confirmavi
1266 2234 1380 2300 Jewss
1400 2255 1442 2318 ep
1461 2236 1570 2302 Dcvuu

197 2367 331 2430 Vsum
351 2365 521 2430 heredibus
541 2365 607 2428 suis
627 2371 660 2428 st
680 2363 850 2445 eseiguetis
870 2369 974 2428 tctem
1003 2369 1121 2427 terrem
1148 2382 1253 2428 nucem
1273 2371 1306 2428 et
1327 2371 1474 2430 teucrum
1488 2373 1571 2432 ‘tem

189 2497 341 2564 erebileru
360 2514 456 2580 quem
475 2501 601 2560 restem
613 2513 685 2558 cum
699 2494 846 2559 omuibus
865 2493 966 2576 prelis
976 2500 1012 2580 et
1024 2494 1163 2575 pecturis
1176 2493 1279 2558 buccis
1293 2500 1325 2559 et
1338 2495 1443 2578 plenis
1462 2495 1563 2560 humi·

167 2624 171 2633 “
198 2629 247 2692 dis
268 2636 301 2692 ct
322 2627 414 2692 siccis
442 2645 515 2690 curn
540 2625 686 2690 omnibus
715 2623 919 2706 pertinenciis
937 2623 1004 2714 suis
1024 2643 1062 2687 nc
1081 2624 1280 2688 libertatibus
1310 2625 1517 2708 epsiemcntis
1536 2633 1570 2692 ct

191 2758 435 2825 ccmcditebbus
454 2757 712 2840 qualitercunque
738 2755 812 2820 inde
837 2755 908 2837 jure
937 2755 1192 2838 provenientium
1222 2775 1283 2840 que
1311 2763 1442 2821 mcebur
1462 2755 1570 2822 cren

194 2890 334 2954 Knuurrt
353 2887 438 2952 iuter
457 2887 553 2950 lieren
582 2887 753 2952 Gsrnwure
772 2907 812 2950 ex
830 2893 922 2968 perte
951 2905 1018 2950 uns
1036 2893 1070 2951 st
1090 2905 1206 2970 equum
1231 2905 1292 2970 que
1318 2893 1451 2952 vocetur
1474 2887 1569 2952 ΒΜ

195 3039 233 3084 ex
253 3025 346 3101 perte
365 3019 467 3082 nitere
486 3017 520 3081 in
540 3016 708 3082 letitudiue
728 3025 761 3080 et
782 3016 924 3081 extendit
938 3017 1024 3082 esic
1042 3036 1104 3100 que
1122 3016 1210 3082 ducit
1224 3018 1264 3082 de
1284 3037 1368 3100 eque
1386 3018 1480 3082 Bssrs
1499 3037 1568 3102 pre·

192 3149 280 3214 dicte
299 3167 408 3214 uersus
437 3148 533 3212 nnn
561 3147 732 3211 Gernwus
751 3163 791 3210 ex
811 3153 902 3228 perte
921 3165 988 3212 uus
1005 3165 1106 3229 uuus
1125 3147 1168 3211 ed
1187 3155 1306 3212 terrem
1336 3146 1506 3213 chnuuu
1526 3166 1569 3232 ep

194 3279 336 3344 llcnucrr
356 3295 396 3342 ex
414 3284 506 3359 perte
525 3277 628 3341 nltere
647 3274 681 3340 in
700 3274 905 3358 longitudine.
946 3275 1140 3340 chendum
1159 3283 1193 3341 et
1212 3277 1386 3342 tenendum
1406 3279 1515 3345 omnic
1534 3286 1568 3345 et

191 3409 316 3492 singule
334 3407 478 3492 predicte
496 3425 569 3472 cum
589 3407 735 3470 cmmbue
762 3406 965 3488 pertinenciis
994 3407 1061 3470 euie
1079 3407 1120 3472 dc
1139 3407 1267 3472 demine
1286 3409 1327 3473 de
1348 3409 1478 3474 lirum
1507 3409 1568 3476 sibi

192 3539 360 3606 heredibus
379 3537 447 3603 suis
459 3543 493 3604 ct
513 3537 683 3620 assignetis
701 3554 759 3618 pto
771 3555 824 3600 mc
836 3535 1005 3600 heredibus
1023 3537 1103 3601 meis
1116 3543 1149 3600 et
1162 3537 1331 3620 sesignetb
1351 3539 1448 3604 libere
1461 3542 1567 3623 quiete

45 3747 49 3760 .
192 3673 272 3736 bene
291 3677 325 3734 et
344 3669 475 3752 pecifice
502 3669 571 3750 jure
598 3667 790 3732 henditerio
808 3668 843 3731 iu
862 3675 1058 3750 perpetuum.
1098 3668 1271 3733 Reddendc
1298 3669 1371 3734 inde
1400 3673 1567 3736 ennuntinr

193 3802 260 3884 ipse
280 3802 385 3866 dictus
405 3801 520 3865 lewes
542 3819 583 3882 ep
603 3801 711 3864 Deum
730 3799 867 3865 Vccusre
887 3800 1019 3865 heredes
1038 3800 1088 3864 sui
1108 3807 1141 3864 et
1161 3801 1314 3882 eseigucti
1333 3800 1419 3864 dicto
1438 3800 1567 3865 dcmiuc

193 3933 232 3998 de
254 3933 382 3996 ffiuvur
401 3932 455 4014 qui
475 3949 532 4013 pre
551 3937 692 4012 tempore
712 3930 807 3994 luerit
827 3937 894 3994 tres
914 3930 1023 3995 cbclcs
1042 3931 1165 4013 urgenti
1177 3931 1219 3996 ed
1232 3937 1297 3995 tres
1317 3931 1395 3994 enni
1414 3929 1567 3994 termines

190 4063 304 4147 quibus
323 4061 421 4126 ceteri
434 4061 524 4125 liberi
536 4061 680 4125 hominen
693 4060 734 4124 de
748 4061 877 4125 Καινεῖ
895 4061 1054 4124 redditum
1073 4080 1166 4126 suum
1179 4061 1233 4142 qui
1245 4067 1377 4126 rccetur
1396 4060 1567 4125 Gwssrwe

191 4193 377 4278 persolverit
398 4199 548 4256 tenentur
566 4210 623 4274 pro
644 4191 731 4255 omni
756 4189 886 4255 servicio
914 4189 1052 4268 emeleri,
1077 4189 1241 4254 unedone
1262 4195 1295 4252 et
1314 4187 1480 4253 demendo.
1522 4189 1567 4255 ut

192 4346 250 4408 ege
270 4325 432 4408 predictus
452 4323 566 4389 Gnoso
585 4343 627 4405 ep
647 4325 780 4390 (lernou
808 4323 960 4387 kurus
990 4321 1122 4387 heroden
1140 4320 1205 4385 mei
1224 4327 1258 4384 et
1278 4320 1432 4402 ungenti
1459 4320 1568 4388 omnic

193 4463 225 4522 et
245 4455 372 4537 singule
390 4454 533 4536 predicte
551 4473 625 4519 cum
644 4454 791 4520 omnibus
810 4453 1013 4536 pertinenciis
1031 4451 1099 4517 suis
1117 4449 1241 4534 prelato
1260 4450 1375 4515 towns
1396 4468 1437 4534 ep
1457 4451 1566 4517 Deum

193 4587 329 4654 Vsum
349 4585 518 4651 heredibus
537 4586 604 4652 suis
626 4592 660 4651 ct
672 4585 841 4668 eedguetis
861 4591 973 4651 centn
991 4602 1102 4649 cruces
1120 4582 1272 4648 mcrteles
1291 4581 1568 4648 enuntiabimus

196 4716 447 4802 secedimus
467 4723 501 4786 ct
520 4715 636 4802 ubique
665 4715 869 4784 &fundemus
888 4715 923 4783 in
941 4721 1138 4800 perpetuum.
1179 4714 1242 4782 Pte
1271 4713 1334 4780 bec
1364 4720 1471 4781 sunm
1483 4747 1487 4762 ·
1498 4733 1570 4780 mee
