3986 5502
1533 745 1574 810 85

256 1040 354 1102 lutere
381 1035 424 1100 de
454 1035 486 1100 le
514 1035 618 1100 Dmle
648 1054 708 1119 qne
736 1041 785 1100 eet
811 1035 896 1104 inter
935 1035 1187 1104 Knnltununnnz
1217 1046 1250 1106 et
1289 1042 1394 1108 looum
1423 1046 1477 1129 qui
1504 1047 1618 1115 dieitur
1728 999 1737 1018 ο

257 1167 463 1232 menum
482 1166 516 1230 in
534 1165 728 1248 longitudine
748 1172 780 1232 et
800 1167 834 1232 in
854 1167 1020 1234 latitudine
1039 1169 1123 1234 inter
1141 1178 1259 1236 terrem
1278 1175 1427 1240 mobilem
1440 1177 1479 1242 de
1492 1177 1614 1248 emos-

258 1317 324 1362 muz
347 1315 448 1379 neque
468 1297 510 1361 ed
528 1269 646 1360 terrum
670 1296 820 1362 urebilem
840 1311 933 1380 nuper
951 1296 982 1361 le
1002 1297 1106 1364 Dente
1125 1299 1160 1364 in
1178 1301 1265 1366 omni
1285 1308 1425 1386 tempere
1445 1308 1531 1374 enni.
1572 1311 1616 1376 nt

257 1427 291 1493 ni
317 1427 480 1508 eontingot
506 1445 559 1490 me
586 1431 642 1491 eut
671 1425 802 1492 herenee
829 1427 879 1492 vel
908 1427 1083 1508 eengnetoe
1110 1447 1199 1496 meon
1226 1431 1310 1496 eima
1336 1435 1474 1517 oliqnem
1502 1443 1619 1506 terrem

257 1560 470 1623 oluuetrnrum
488 1557 591 1622 leeero
610 1563 643 1622 et
663 1555 749 1620 dioto
767 1556 944 1622 eleuetruro
961 1563 1121 1639 prostrete
1139 1559 1232 1624 luerit
1252 1579 1308 1642 per
1326 1562 1444 1632 beetiue
1463 1565 1618 1636 ditiorum

256 1691 462 1772 bmgeneinm
495 1707 551 1753 een
584 1686 817 1752 ohenoeriorum
842 1691 991 1752 tenentur
1016 1686 1150 1752 eundem
1175 1689 1383 1756 oleuetrurum
1404 1693 1519 1762 iterum
1544 1715 1618 1766 oon-

258 1829 393 1887 etruere.
441 1820 486 1882 Jlt
513 1818 610 1882 etium
639 1817 801 1882 habebunt
826 1833 1024 1882 eommunem
1051 1824 1215 1900 pestutum
1232 1820 1268 1886 in
1287 1827 1427 1905 tempore
1455 1834 1564 1909 operto
1583 1830 1618 1894 in

257 1951 408 2017 ommnus
419 1950 523 2014 boeoie
535 1949 636 2030 pretio
645 1949 771 2030 peeouie
784 1953 817 2012 et
830 1948 967 2030 pontum
980 1948 1143 2014 nominum
1163 1969 1304 2016 meorum
1316 1952 1357 2018 de
1374 1973 1427 2018 me
1440 1957 1619 2028 tenentium

258 2082 473 2161 oujneounque
503 2077 690 2141 uenditioniu
710 2077 837 2142 luerint.
877 2079 940 2141 Pro
959 2077 1019 2142 heo
1039 2084 1147 2143 eutem
1165 2079 1334 2152 mentione
1364 2087 1565 2154 ooneeeeione
1585 2096 1618 2156 et

249 2210 395 2294 presenti
414 2215 501 2272 ourte
519 2227 589 2272 mee
609 2206 846 2284 oonfirmetione
876 2205 1029 2270 dederunt
1048 2207 1127 2272 mihi
1146 2209 1278 2290 predioti
1307 2211 1477 2295 burgenses
1495 2217 1559 2284 mei
1578 2224 1612 2284 et

258 2341 417 2404 ohenoeril
447 2339 653 2421 quodraginta
681 2338 799 2404 eolidoe
827 2337 1056 2419 sterlingorum.
1097 2341 1141 2404 nt
1168 2341 1242 2422 quio
1269 2343 1342 2408 volo
1366 2345 1450 2426 quod
1468 2345 1528 2412 heo
1546 2367 1619 2418 mee
1678 2379 1683 2392 ·

254 2469 389 2535 donatio
402 2470 560 2534 ooneoeeio
573 2475 606 2531 et
618 2487 747 2550 presens
760 2473 847 2532 nerle
859 2486 928 2532 mee
942 2468 1137 2536 oonlinmetio
1150 2471 1245 2536 robur
1263 2480 1413 2556 pometue
1432 2477 1616 2548 etebllitotle

254 2601 400 2684 optineat
427 2600 511 2663 huno
540 2604 719 2680 presentem
748 2603 870 2661 eurtum
897 2596 991 2678 sigilli
1019 2597 1082 2662 mel
1111 2598 1316 2684 impressione
1345 2603 1497 2676 roborovi.
1539 2609 1613 2676 Hiie

257 2733 394 2796 naeuus
413 2729 541 2794 nomino
559 2729 676 2794 enom
706 2735 782 2794 euno
802 2729 917 2792 aleae
935 2729 976 2794 ee
996 2729 1138 2796 mmm
1175 2735 1269 2798 nm
1288 2741 1409 2804 neum
1428 2709 1617 2808 eoeleueee

257 2861 373 2924 nvnun
402 2859 555 2923 Hmmoo
573 2859 686 2922 olerioo
705 2863 782 2924 tuno
802 2859 1152 2928 eeneeeelledenvnnn
1192 2863 1336 2948 Bimae
1349 2865 1491 2938 Menum
1527 2871 1617 2942 Bm

255 3009 300 3072 up
320 2989 449 3054 Gnlnoo
469 2996 502 3054 et
521 2989 630 3053 multis
650 2987 729 3053 uliie.

849 3687 1008 3762 ,cnm

419 3813 668 3882 MANDATUM
693 3815 824 3882 nnels
844 3817 904 3882 DE
925 3821 969 3885 B:
991 3819 1096 3888 OOM:
1118 3822 1440 3901 elnonensem.

686 3946 791 4026 [Exot
813 3965 834 4010 n
854 3949 938 4012 Bou:
960 3949 1036 4016 Fut:
1058 3971 1071 4014 1
1091 3953 1180 4036 ten]
1479 3969 1567 4036 1245.

296 4075 358 4137 Pro
377 4073 491 4138 comite
521 4073 768 4138 Gnouonenmn.
819 4075 1008 4140 Mandatum
1035 4087 1084 4143 eet
1104 4079 1273 4151 boromliue
1292 4087 1332 4153 de
1351 4092 1507 4160 eouooelio
1526 4097 1610 4182 quoe

251 4205 443 4270 demendum
462 4224 556 4287 quum
576 4203 696 4269 ieoiunt
716 4207 862 4270 Rxolnm
882 4208 988 4272 eomiti
1009 4209 1246 4278 eneconem
1260 4220 1292 4282 et
1306 4216 1530 4292 Hannonem
1549 4250 1608 4314 pro

254 4334 499 4399 summonitione
518 4335 665 4398 eoeooerii
679 4333 717 4398 de
730 4335 865 4400 muniris
885 4341 917 4402 et
937 4337 1008 4401 eliis
1027 4339 1066 4403 de
1086 4339 1198 4423 quibus
1216 4345 1333 4414 elamat
1352 4347 1468 4420 hebere
1487 4359 1612 4430 liberta·

253 4475 319 4529 tem
331 4485 387 4546 por
407 4465 451 4528 G:
472 4464 631 4547 quendem
650 4463 797 4528 comitem
817 4465 944 4530 Gnouo:
966 4475 999 4532 et
1012 4467 1125 4537 Hune:
1144 4481 1267 4556 petrem
1281 4497 1372 4547 enum
1384 4482 1419 4548 in
1432 4499 1610 4572 respectum

255 4605 376 4681 ponent
396 4615 495 4680 nequo
515 4595 549 4683 iu
568 4613 610 4660 xv
629 4593 697 4659 dieu
717 4615 737 4662 e
756 4594 806 4660 die
828 4595 876 4661 Sti
896 4597 1091 4668 mommo.
1133 4603 1227 4674 Teste
1246 4616 1297 4678 eto
1336 4615 1428 4684 xdie
1447 4620 1548 4688 luem.
