3986 5502
1483 761 1541 824 163

212 1063 326 1126 vicium
347 1068 535 1128 consuetum
554 1062 594 1127 de
614 1063 700 1128 dieto
719 1068 910 1128 tenemento.
951 1063 996 1129 Et
1017 1063 1142 1130 muner
1163 1063 1202 1127 de
1222 1065 1338 1128 liuere
1360 1071 1392 1126 et
1412 1061 1579 1126 heredibus

211 1192 278 1258 suis
289 1191 342 1259 vel
356 1191 526 1276 meignetis
545 1211 645 1258 unum
664 1191 828 1258 denarium
848 1193 970 1277 urgenti
990 1193 1155 1258 eunuetim
1168 1192 1202 1257 in
1222 1193 1304 1258 festo
1325 1190 1433 1258 Seneti
1454 1191 1579 1257 birunn-

213 1341 287 1387 ems
304 1342 366 1407 pre
385 1323 473 1387 omni
486 1323 616 1389 servieio
635 1321 957 1392 eeoulsri.exeetione
979 1329 1013 1389 et
1035 1321 1203 1388 tamenne
1245 1323 1337 1402 Quod
1357 1343 1397 1386 ne
1418 1323 1453 1387 in
1476 1331 1579 1405 poste·

211 1441 282 1520 rum
310 1455 481 1520 denotetur
507 1454 692 1520 indubium
718 1453 792 1519 huie
816 1454 955 1538 presenti
983 1453 1099 1538 seripto
1128 1451 1265 1536 sigillum
1294 1472 1401 1520 meum
1419 1471 1485 1518 nne
1509 1471 1582 1518 oum

210 1585 312 1666 sigillo
342 1584 483 1667 predicte
512 1585 627 1649 Aurum
646 1584 758 1649 metris
778 1603 848 1649 mee
868 1590 917 1648 est
937 1599 1122 1666 eppensum.
1163 1581 1238 1646 Hiis
1257 1582 1392 1648 testibus
1413 1581 1581 1647 wirma

212 1713 387 1780 uenum
419 1715 680 1780 Pammene
718 1712 1063 1780 wunneodeooem
1096 1711 1428 1780 summussos
1461 1713 1581 1778 l'none

214 1844 332 1913 insen
371 1845 527 1914 nomeu
545 1846 576 1912 le
596 1845 745 1912 humen
764 1851 798 1910 et
819 1843 899 1911 eliis.
969 1913 972 1920 ,
1553 1871 1555 1876 ·

805 2141 999 2208 CLXXXII.

227 2273 367 2340 ΟΔΒΤΑ
402 2271 544 2338 enenss
576 2271 665 2338 mn:
700 2273 745 2339 P:
781 2273 1008 2338 murnum
1042 2273 1271 2342 ΒΤΕΡΗΔΝΟ
1304 2275 1366 2340 DX
1401 2275 1564 2343 SANOE'O

796 2401 1020 2470 memo,

684 2532 790 2613 [enm
813 2533 942 2596 ome:
963 2532 1014 2595 ee.
1036 2531 1125 2612 eun]
1252 2494 1258 2513 '

217 2661 329 2726 Suisnt
356 2666 521 2742 presentes
550 2658 636 2743 quod
655 2679 713 2742 ege
733 2660 829 2725 enm
859 2659 943 2726 filine
970 2661 1115 2727 etheree
1148 2661 1297 2729 Pummru
1327 2665 1517 2730 Ammnnm
1546 2666 1587 2732 de

218 2791 381 2856 bennone
401 2810 534 2855 assensu
553 2797 587 2855 et
606 2791 770 2855 voluntete
798 2791 913 2856 Annum
940 2791 1053 2857 metris
1071 2811 1141 2857 mee
1159 2765 1396 2876 ee'epontense
1423 2797 1588 2861 veluntete

216 2941 291 2986 mee
310 2921 383 2984 dedi
403 2919 544 2984 eoueessi
563 2927 595 2984 et
614 2920 837 3002 inperpetuum
856 2939 914 3003 pru
936 2941 988 2987 me
1011 2928 1045 2988 et
1058 2923 1189 3006 beredes
1208 2925 1272 2988 mei
1291 2925 1433 3006 quietum
1452 2927 1587 2992 ulemevi

217 3059 253 3116 et
272 3051 413 3134 presenti
437 3050 559 3132 scripte
586 3049 769 3114 confirmavi
799 3050 971 3117 enemo
991 3051 1030 3117 de
1051 3052 1177 3119 Senem
1205 3053 1370 3120 Hunemo
1389 3074 1447 3137 pro
1467 3063 1589 3138 septem

218 3181 331 3246 solidis
351 3189 384 3246 et
404 3201 459 3245 sex
488 3181 625 3246 denariis
654 3181 893 3263 esterliugorum
912 3200 992 3266 quoe
1011 3181 1108 3246 misbi
1122 3189 1160 3247 et
1179 3183 1275 3248 metri
1304 3203 1374 3248 mes
1404 3185 1490 3250 dedit
1519 3204 1588 3269 pre·

219 3309 369 3374 menibus
387 3316 493 3374 letum
519 3309 571 3392 jus
591 3317 624 3375 et
644 3309 794 3374 elemium
823 3307 907 3392 quod
934 3308 1032 3374 hebui
1050 3311 1101 3376 vel
1120 3311 1226 3394 elique
1252 3313 1348 3378 mode
1365 3313 1482 3379 bebere
1500 3317 1591 3398 potui

222 3441 350 3506 racione
362 3439 547 3505 hereditatis
559 3439 692 3522 predicti
706 3442 857 3504 anmeu
869 3440 970 3522 petris
982 3440 1046 3505 mei
1058 3447 1129 3506 tote
1140 3449 1227 3507 terre
1239 3443 1295 3508 ille
1307 3463 1380 3509 eum
1391 3446 1592 3527 pertinentiis

221 3579 256 3636 et
269 3571 469 3636 libertatibus
482 3571 549 3635 suis
562 3589 657 3654 quem
678 3571 865 3636 Wnnnneus
884 3571 986 3635 Tmen
1006 3573 1180 3638 euuueulns
1199 3573 1278 3638 meis
1296 3573 1381 3638 filine
1401 3575 1592 3639 Ammnnm

221 3702 262 3766 de
291 3701 454 3766 Lennoun
480 3701 640 3783 quondum
670 3701 773 3766 tenuit
801 3700 841 3765 de
870 3699 998 3765 domino
1028 3702 1143 3768 ebbete
1172 3709 1205 3768 st
1233 3710 1391 3770 eonventu
1410 3705 1450 3772 de
1469 3705 1589 3770 lbeelr'

221 3835 258 3898 in
277 3833 371 3898 leode
390 3835 429 3897 de
448 3831 619 3898 Leunoem
660 3821 896 3898 Tenendem'et
920 3830 1101 3896 bebendem
1130 3832 1250 3897 dictem
1277 3840 1394 3900 terren
1423 3853 1497 3900 eum
1526 3835 1592 3898 suis

222 3965 426 4048 pertinenciis
445 3969 477 4028 et
497 3963 696 4027 libertatibus
723 3961 864 4044 predicto
895 3962 1067 4028 &murno
1086 3967 1119 4026 et
1140 3963 1208 4028 suis
1237 3962 1404 4028 heredibus
1421 3963 1472 4028 vel
1495 3965 1591 4046 essig-

221 4095 309 4158 netis
323 4101 379 4159 eut
393 4093 565 4175 unicunque
578 4100 610 4156 et
623 4093 872 4176 quandocunque
885 4113 957 4160 eum
969 4093 1044 4158 dere
1056 4091 1191 4161 vendere
1203 4095 1308 4175 legere
1319 4096 1370 4159 vel
1382 4094 1487 4176 eliquo
1499 4095 1594 4161 modo

224 4225 385 4306 assignare
404 4225 571 4288 voluerunt
591 4197 687 4287 libere
707 4223 812 4307 quiete
830 4223 914 4290 bene
934 4229 967 4288 et
994 4224 1028 4288 in
1047 4243 1126 4306 psus
1155 4223 1224 4288 sine
1253 4225 1340 4288 omni
1368 4223 1593 4291 reelumetione

223 4355 288 4416 mei
308 4359 365 4417 eut
385 4351 537 4416 heredum
555 4371 697 4418 meorum
716 4353 945 4436 inperpetuum.
996 4352 1168 4418 Reddenm
1186 4351 1261 4418 inde
1280 4353 1446 4418 ennuetim
1465 4355 1595 4448 espitffl

223 4484 354 4548 domine
373 4484 457 4548 leodi
476 4483 618 4550 debitum
637 4483 795 4550 redditum
807 4489 840 4548 et
854 4483 1020 4549 servicium
1039 4491 1225 4550 consuetum
1243 4483 1286 4552 <le
1299 4484 1384 4552 dieto
1397 4493 1591 4556 tenemento.

224 4617 267 4678 ne
291 4615 419 4678 limem
446 4615 486 4678 de
516 4613 633 4680 menn
660 4621 692 4680 et
722 4615 891 4682 heredibus
920 4616 986 4681 suis
1015 4615 1066 4682 vel
1096 4615 1266 4701 assignetis
1297 4637 1397 4685 unum
1426 4613 1591 4690 denerium

231 4745 351 4828 urgenti
377 4745 412 4812 in
438 4745 520 4812 testo
540 4745 644 4812 sensti
664 4745 851 4813 Mlommfl
875 4765 935 4830 pru
953 4747 1041 4816 omui
1060 4746 1190 4817 seruus
1210 4750 1345 4819 meleti
1375 4753 1538 4820 exsensus
1563 4759 1595 4820 sl
