3932 5498
1003 1081 1147 1150 CCXVI.

381 1209 611 1278 somnne
631 1209 693 1276 Dii
712 1209 946 1278 Bonnvrtn
975 1209 1250 1278 Dnonanfflo
1277 1209 1337 1278 DE
1368 1209 1523 1280 ANNUO
1551 1209 1751 1304 Bnpnrru

839 1342 998 1406 ΔΒΒΑΤῙ
1018 1343 1079 1405 DE
1100 1343 1294 1408 MABGAN.

825 1473 955 1554 [Hannz
977 1473 1104 1537 Osann:
1127 1474 1166 1538 76
1186 1492 1218 1537 n.
1241 1475 1310 1554 θλ]
1621 1473 1709 1536 1302.

422 1604 587 1670 Universis
608 1604 743 1669 Gnatam
763 1601 907 1667 fidelibus
920 1603 961 1666 ad
974 1621 1053 1684 quos
1066 1621 1196 1684 presens
1215 1603 1367 1684 seriptum
1385 1601 1562 1686 pervenerit
1582 1601 1755 1667 Jonmsas

381 1737 421 1801 de
450 1736 630 1799 Bounvnnn
649 1733 734 1796 filius
762 1739 795 1795 st
822 1731 914 1794 heras
934 1733 1079 1795 Hnnmo1
1109 1731 1149 1794 ds
1174 1732 1352 1795 Bonnvnnn
1372 1731 1412 1796 da
1431 1731 1688 1796 Bosnmsron
1719 1731 1756 1793 in

383 1867 586 1931 emonam
606 1864 743 1927 salutem
772 1863 807 1925 in
832 1862 959 1925 domino
988 1862 1223 1942 sempiternam.
1265 1861 1426 1926 Noveritis
1455 1881 1508 1927 me
1536 1861 1692 1926 dimisisse
1721 1871 1757 1929 et

382 1996 525 2080 quietum
545 1996 699 2058 clamasse
718 2013 776 2074 pro
795 2013 847 2056 me
867 2000 900 2056 et
920 1992 1087 2056 heredibus
1116 1993 1196 2056 meis
1226 1993 1294 2057 sive
1323 1993 1492 2074 assignatis
1511 1993 1756 2076 inperpetuum

381 2125 490 2192 abbati
509 2124 694 2188 monasterii
713 2124 805 2186 beate
827 2123 938 2184 Manna
953 2123 992 2186 ds
1014 2123 1156 2186 Mauors
1177 2129 1209 2186 st
1230 2123 1372 2206 ejusdem
1391 2125 1452 2188 looi
1472 2128 1642 2204 oonvantui
1662 2135 1755 2208 quat·

381 2255 541 2322 uordeeim
561 2255 677 2318 solidos
697 2253 918 2334 sterlingorum
937 2251 976 2316 de
996 2253 1059 2314 illis
1084 2253 1292 2335 quadraginta
1312 2254 1420 2319 solidis
1440 2255 1538 2320 annui
1557 2257 1699 2319 redditus
1719 2256 1757 2320 in

383 2387 497 2471 quibus
517 2385 595 2448 mihi
614 2385 691 2446 dieti
711 2385 809 2448 abbas
830 2390 862 2447 st
883 2391 1057 2448 conventus
1076 2385 1267 2448 tenebantur
1288 2385 1329 2449 ad
1349 2385 1467 2450 festum
1486 2385 1572 2450 beati
1592 2386 1756 2449 Jonanrrs

381 2517 521 2599 baptiste
542 2515 717 2578 annuatim.
759 2515 813 2577 Ita
833 2515 916 2596 quod
944 2535 1003 2578 neo
1024 2534 1082 2596 ego
1112 2535 1171 2578 neo
1200 2515 1491 2608 aliquis'heredum
1518 2535 1661 2579 meorum
1688 2517 1757 2580 sive

382 2648 614 2728 assignatorum
643 2643 761 2727 aliquid
785 2645 864 2726 juris
889 2646 939 2710 vel
959 2645 1064 2707 olamii
1094 2651 1150 2708 ant
1179 2645 1356 2727 oalumpnie
1375 2646 1410 2708 in
1430 2647 1493 2710 illis
1518 2647 1759 2728 quatuordeeim

288 2799 292 2806 ·
381 2778 491 2843 solidis
511 2775 610 2840 annui
629 2776 771 2839 redditus
789 2775 1019 2856 prenominatis
1032 2775 1071 2838 de
1092 2783 1196 2839 cetero
1217 2776 1435 2858 aliquomodo
1455 2778 1629 2860 poterimus
1649 2779 1758 2842 vendi-

381 2927 454 2972 eare
473 2906 508 2969 in
528 2914 683 2970 eternum.
725 2906 788 2967 Pro
818 2905 880 2966 hao
910 2911 1019 2967 autem
1048 2905 1231 2970 dimissione
1261 2927 1334 2970 mea
1363 2915 1397 2970 et
1424 2908 1533 2991 quieta
1562 2909 1759 2974 olamaoione

382 3039 622 3120 assignaverunt
635 3035 713 3100 dieti
726 3035 825 3097 abbas
838 3041 871 3096 et
885 3041 1058 3098 conventus
1082 3034 1210 3098 domino
1231 3035 1417 3099 Barnunno
1430 3037 1469 3099 ds
1485 3037 1614 3101 Senum
1629 3039 1760 3103 domino

382 3191 454 3235 meo
474 3169 711 3252 quatuordeeim
731 3165 849 3229 solidos
863 3165 961 3227 annui
981 3165 1122 3227 redditus
1136 3165 1170 3226 in
1184 3165 1381 3228 excambium
1394 3166 1428 3228 in
1441 3167 1517 3230 villa
1530 3167 1570 3230 de
1582 3169 1759 3233 Bsrsnonn’

382 3303 423 3366 de
447 3305 630 3363 tenemento
649 3297 704 3359 illo
724 3295 808 3377 quod
839 3295 1017 3357 anmsos
1037 3296 1067 3356 le
1087 3295 1241 3357 Esssonn
1271 3295 1430 3376 quondam
1451 3297 1490 3360 ds
1511 3297 1556 3360 eis
1577 3302 1681 3363 tenuit
1700 3322 1761 3383 pro

383 3431 497 3516 quibus
517 3429 658 3511 pretatus
679 3427 825 3491 dominus
853 3427 1061 3489 Rsrnusoos
1081 3427 1121 3488 de
1143 3425 1271 3490 Sanum
1302 3447 1353 3490 ms
1374 3434 1406 3490 st
1427 3427 1559 3492 heredes
1583 3447 1672 3492 meos
1702 3451 1760 3494 eeu

382 3562 561 3642 assignatos
581 3557 709 3620 iaoiavit
729 3557 768 3620 de
790 3558 1027 3639 quatuordeeim
1048 3557 1156 3620 solidis
1175 3557 1274 3620 annui
1294 3559 1436 3622 redditus
1450 3561 1484 3623 in
1498 3563 1697 3625 exoambium
1717 3565 1759 3627 ds

381 3689 495 3773 viginti
514 3687 623 3752 solidis
635 3705 714 3769 quos
728 3687 892 3750 Marsuas
906 3687 1086 3748 Evnsnasn
1107 3693 1139 3748 at
1159 3686 1310 3749 Jonanua
1324 3707 1402 3751 uxor
1415 3691 1484 3772 ejus
1498 3697 1531 3754 et
1552 3692 1653 3755 Haeo
1673 3694 1761 3757 filius

383 3841 493 3888 eorum
513 3821 599 3884 dioto
619 3819 749 3882 domino
769 3819 956 3881 Rnruusm
977 3818 1143 3880 annuatim
1177 3820 1297 3882 solvere
1326 3830 1560 3885 consueverunt
1577 3843 1635 3905 pro
1665 3827 1763 3889 tamis

384 3961 418 4019 et
437 3951 627 4017 tenementis
648 3969 726 4032 quas
745 3949 861 4030 praiati
890 3949 1054 4012 mannus
1074 3955 1106 4012 et
1126 3949 1276 4011 Jonanua
1305 3969 1385 4013 uxor
1405 3952 1474 4032 ejus
1494 3959 1526 4016 st
1547 3954 1648 4018 Hono
1675 3955 1762 4020 filius

384 4105 493 4150 eorum
512 4084 552 4147 de
571 4082 713 4164 predicto
733 4081 861 4144 domino
881 4081 1067 4142 Rumonno
1088 4087 1259 4144 tenuerunt
1279 4083 1364 4162 apud
1384 4083 1554 4149 Hounnon'
1576 4084 1611 4148 in
1631 4087 1763 4152 domino

384 4217 424 4280 da
445 4217 557 4296 Denya
577 4214 701 4295 Powys.
743 4213 813 4292 Ego
833 4229 909 4274 vero
928 4211 1033 4274 dietus
1052 4211 1073 4273 J
1074 4229 1223 4274 enarrans
1236 4219 1269 4274 et
1283 4212 1416 4277 heredes
1435 4216 1499 4279 mei
1520 4217 1586 4281 sivo
1606 4220 1763 4299 assignati

387 4349 507 4411 dietam
536 4345 751 4408 dimissionem
779 4363 883 4405 meam
904 4343 1102 4425 acquietum
1131 4344 1357 4408 olamaoionem
1387 4345 1480 4411 dietis
1508 4349 1616 4412 abbati
1636 4357 1668 4412 et
1688 4371 1767 4415 oon·

388 4476 499 4540 ventui
519 4481 631 4538 eontra
649 4493 761 4537 omnes
780 4473 926 4536 homines
946 4485 979 4535 et
999 4473 1133 4537 feminas
1153 4476 1432 4540 warantizabimus
1460 4479 1708 4559 acquietabimus
1730 4491 1766 4546 et

388 4606 592 4670 defendemus
612 4605 646 4666 in
665 4611 862 4686 perpetuum.
905 4605 946 4666 In
966 4606 1057 4684 eujus
1077 4605 1122 4668 rei
1142 4607 1360 4670 testimonium
1380 4609 1454 4672 huie
1473 4614 1614 4692 presenti
1644 4615 1766 4694 scripto

394 4735 530 4818 sigillum
544 4755 650 4798 meum
664 4733 796 4816 apposui
809 4740 841 4800 et
855 4734 955 4800 eniam
969 4735 1105 4818 sigillum
1118 4737 1233 4820 praiati
1245 4737 1366 4805 domini
1386 4739 1565 4808 mmmm
1578 4743 1618 4810 de
1632 4743 1768 4810 Suum
