3986 5502
1490 741 1547 806 129

225 1051 426 1100 successores
456 1053 530 1100 suos
556 1035 684 1103 abbscis
703 1038 744 1103 <ie
764 1039 905 1105 Marsuas
926 1041 954 1106 si
973 1041 1090 1107 emissa
1109 1043 1202 1107 merit
1230 1065 1285 1127 per
1309 1045 1461 1127 placitum
1481 1047 1589 1128 petere

225 1183 324 1246 quum
343 1183 443 1227 unum
461 1185 520 1247 par
538 1165 707 1230 calcarium
726 1167 947 1234 deauratorum
966 1171 1062 1254 precii
1081 1191 1137 1236 sex
1156 1173 1355 1238 denariorum
1373 1175 1424 1239 vel
1438 1194 1493 1237 sex
1513 1175 1588 1237 den-

227 1295 313 1360 srics
340 1295 424 1377 quod
443 1316 481 1359 ex
501 1302 579 1360 tunc
606 1317 664 1379 ego
692 1299 861 1363 Jouarurss
887 1301 939 1366 val
968 1301 1099 1366 heredes
1126 1303 1189 1366 mei
1217 1310 1381 1368 teneamur
1411 1303 1518 1367 sbbati
1546 1303 1586 1366 de

225 1425 372 1488 Manere
392 1426 445 1508 qui
464 1445 521 1507 pro
541 1433 681 1508 tempore
701 1427 793 1492 fuerit
814 1434 847 1494 et
867 1431 995 1494 ecclesie
1015 1451 1071 1497 sue
1090 1431 1182 1496 beate
1202 1433 1314 1497 Meam
1334 1434 1530 1498 nemmem
1550 1457 1590 1500 ex

226 1575 306 1638 puro
326 1556 432 1620 debito
445 1557 479 1620 in
492 1565 620 1622 centum
633 1559 720 1622 libris
740 1561 960 1643 sterlingorum
979 1563 1192 1645 persolvendis
1212 1563 1340 1627 omnino
1360 1565 1463 1628 eidem
1483 1565 1591 1631 abbeti

227 1691 261 1746 et
281 1685 411 1748 ecclesis
431 1685 486 1750 sue
506 1687 598 1750 beste
619 1687 953 1754 Memnonem
973 1697 1144 1774 antequem
1169 1691 1274 1774 aliqua
1301 1692 1428 1774 seysina
1457 1693 1590 1776 slicujus

226 1821 309 1880 terre
329 1835 386 1897 pro
407 1817 549 1881 valencia
566 1817 705 1898 predicte
735 1824 818 1883 terre
837 1818 877 1883 de
902 1817 1154 1884 Beruvnmsron
1174 1821 1215 1884 de
1234 1822 1356 1902 prefato
1377 1823 1590 1888 Gmuusnsro

227 1946 339 2010 abbate
360 1966 417 2010 eeu
436 1947 666 2011 successoribus
687 1947 752 2011 suis
771 1949 850 2011 mibi
870 1969 926 2013 seu
945 1950 1113 2013 heredibus
1132 1951 1211 2014 meis
1232 1951 1389 2014 liberetur.
1436 1953 1476 2014 In
1497 1955 1588 2035 cujus

223 2077 270 2138 rei
288 2076 504 2138 testimonium
522 2083 628 2156 partes
647 2077 786 2158 predicte
807 2077 881 2140 huic
901 2077 1017 2159 scripto
1036 2078 1070 2142 iu
1089 2079 1219 2144 modurn
1242 2081 1427 2163 cyrographi
1447 2083 1589 2146 confecto

227 2208 410 2272 alternatim
430 2227 489 2272 sua
507 2206 609 2288 sigilla
629 2215 852 2288 apposuerunt.

503 2339 622 2419 [Dorso
643 2347 663 2376 ‘⁴
674 2338 851 2404 convenere
871 2341 1032 2404 Jonssrus
1051 2339 1082 2403 le
1102 2339 1311 2422 Nemees]

859 2633 969 2698 CLIV.

538 2761 947 2828 TRANSGRESSIONES
967 2761 1280 2828 MsRcmortUM.

555 2897 667 2973 [emo.
688 2909 772 2957 sonu
791 2911 964 2958 masso
985 2893 1269 2972 ‘'Gumoaesre.'']
1457 2893 1547 2957 1271.

264 3023 331 3088 Rex
351 3023 496 3087 omnihus
508 2995 559 3088 etc
573 3025 718 3089 seintem.
741 3025 875 3098 ,ficietis
888 3024 972 3107 quod
991 3023 1135 3087 dedimus
1154 3029 1346 3106 potestatem
1359 3023 1589 3088 venerabilibus

225 3153 367 3235 patribus
387 3153 430 3215 R:
453 3153 614 3216 Govusrn'
637 3153 730 3216 Incu'
752 3159 784 3217 et
805 3153 850 3217 G:
865 3153 1015 3216 Wreorur'
1037 3150 1190 3233 episcopis
1210 3157 1243 3216 st
1262 3151 1385 3215 dilectis
1399 3158 1432 3214 et
1444 3151 1589 3216 fidelibus

226 3283 341 3346 nestris
361 3282 405 3344 R:
427 3281 466 3346 de
485 3283 626 3347 Moerus
647 3284 737 3345 Mser
758 3289 790 3346 et
811 3283 853 3345 R:
883 3283 923 3346 de
951 3281 1110 3345 Lnrsume
1138 3300 1216 3362 quos
1235 3281 1391 3344 mittimus
1412 3280 1453 3344 ad
1472 3281 1589 3345 vadum

226 3412 346 3474 Morere
368 3411 507 3473 Gonnar
536 3410 578 3474 ad
604 3411 762 3474 instantes
781 3411 911 3474 octebas
929 3409 1159 3492 purificscionis
1182 3409 1275 3474 beate
1303 3410 1416 3473 Marem
1446 3410 1594 3476 sudieudi

225 3563 335 3607 omnes
355 3541 617 3622 transgressiones
637 3547 670 3603 et
691 3559 837 3604 excessus
857 3541 958 3604 factos
977 3539 1093 3603 dilecto
1112 3545 1145 3603 et
1165 3539 1250 3602 fideli
1269 3547 1379 3604 nostro
1409 3539 1588 3604 anunrno

224 3674 290 3736 filio
310 3674 461 3736 Gnmruu
481 3670 618 3752 Principi
638 3670 775 3733 Wsnum
789 3677 822 3734 et
836 3671 901 3734 suis
920 3689 977 3752 per
995 3669 1145 3734 dilectum
1157 3677 1190 3734 et
1203 3670 1328 3734 fidelem
1348 3677 1492 3734 nostrum
1513 3673 1589 3735 Grn-

225 3823 360 3868 neurus
380 3802 419 3864 de
440 3802 549 3865 Gneus
579 3799 727 3862 comitem
758 3800 880 3864 Gnoso·
912 3804 945 3862 ct
975 3799 1168 3863 Hnnrsoun'
1199 3805 1231 3862 et
1265 3818 1339 3862 suos
1359 3798 1459 3862 eciam
1478 3817 1589 3861 omnes

224 3931 487 4013 transgressiones
500 3937 533 3993 et
543 3930 739 3994 excessiones
758 3929 993 4012 quibuscunque
1014 3929 1250 3993 Mercbiourbua
1264 3935 1296 3992 et
1310 3927 1380 3996 aliis
1393 3928 1433 3991 de
1445 3927 1588 4010 partibus

224 4064 366 4128 biarchis
386 4062 479 4126 fectis
492 4069 528 4125 ut
541 4060 654 4124 dicitur
673 4067 786 4124 contra
805 4061 939 4124 formam
957 4060 1045 4142 pacis
1065 4060 1218 4124 internos
1232 4064 1265 4122 st
1278 4056 1453 4140 predictum
1472 4055 1587 4118 Imwn·

224 4212 329 4257 urnurr
348 4191 426 4254 inite
447 4197 479 4252 et
499 4190 633 4254 firmate.
675 4191 720 4252 Et
746 4189 787 4252 sd
817 4189 924 4254 omnia
944 4209 983 4253 ea
1008 4189 1192 4271 corrigenda
1210 4194 1243 4251 et
1264 4186 1463 4250 terminanda
1490 4195 1583 4268 prout

223 4326 395 4392 secundum
408 4323 540 4385 formem
554 4319 640 4400 pecie
654 4319 795 4401 ejusdem
809 4327 841 4384 et
855 4320 1028 4384 secuudum
1037 4317 1296 4382 consuetudinem
1309 4317 1447 4399 partium
1459 4319 1585 4383 illerum

224 4455 340 4535 dejure
353 4451 447 4514 fuerit
461 4449 648 4512 iaciendum.
683 4450 752 4512 Nos
766 4451 867 4513 eciem
887 4455 993 4512 ratum
1011 4447 1196 4512 habebimus
1209 4454 1242 4511 et
1256 4461 1420 4528 acceptum
1440 4449 1586 4532 quicquid

225 4583 283 4665 ipsi
302 4587 440 4664 quatuor
452 4579 502 4642 sel
516 4585 581 4640 tres
594 4577 645 4641 vel
658 4577 720 4641 duo
740 4577 880 4659 ipsorum
899 4596 978 4659 quos
997 4583 1160 4658 presentes
1180 4595 1249 4641 esse
1269 4577 1433 4658 contigerit
1455 4579 1586 4644 iecerint

221 4716 253 4779 in
272 4711 446 4798 premissis.
488 4709 529 4773 In
549 4709 639 4790 cujus
659 4715 721 4774 stc.
761 4709 855 4772 Teste
875 4707 960 4791 Rege
981 4708 1065 4789 apud
1086 4707 1221 4772 Wnsrn'
1242 4728 1314 4773 xxv.
1336 4707 1386 4772 die
1407 4709 1503 4772 Junii.
