3932 5498
398 742 457 805 180

356 1063 425 1111 suo.
466 1046 652 1112 Tenendum
666 1053 699 1112 et
712 1047 894 1112 habendum
913 1064 971 1131 pro
990 1064 1042 1112 me
1067 1052 1100 1113 et
1120 1045 1288 1112 herodrtur
1307 1045 1387 1112 mois
1406 1045 1457 1112 rel
1477 1045 1646 1130 summotis
1666 1045 1727 1112 riti

356 1182 390 1240 et
402 1177 570 1244 heredibus
590 1179 655 1242 suis
674 1180 725 1242 vel
745 1179 811 1243 suis
831 1178 1001 1261 esmgnutie
1020 1179 1117 1244 libore
1137 1179 1242 1263 quiete
1261 1179 1391 1261 peritios
1411 1179 1533 1261 integre
1546 1185 1579 1243 et
1592 1179 1727 1244 heredit-

357 1308 423 1371 orie
437 1306 505 1371 eine
519 1308 624 1391 aliquo
643 1307 855 1372 retinemento
867 1309 930 1372 mei
942 1310 993 1376 vel
1006 1329 1148 1374 meorum
1167 1309 1201 1373 in
1221 1316 1417 1391 perpetuum.
1459 1308 1633 1372 Beddendo
1652 1309 1727 1372 inde

357 1440 524 1504 unnuetim
537 1440 605 1522 ipse
618 1447 651 1504 st
664 1440 796 1504 hoedos
810 1441 859 1504 eui
872 1440 922 1504 vel
942 1439 1096 1522 usignoti
1115 1459 1215 1502 unum
1234 1439 1399 1504 denarium
1418 1440 1541 1522 urgenti
1560 1441 1729 1503 Wrnruno

356 1567 397 1632 de
411 1570 520 1634 Reum
539 1569 707 1633 heredibus
728 1570 794 1634 suis
813 1570 864 1636 vel
884 1571 950 1634 suis
970 1571 1140 1654 resignetis
1153 1578 1186 1635 et
1200 1571 1329 1653 oopiteli
1348 1570 1477 1634 domino
1490 1571 1530 1634 de
1544 1569 1728 1634 hennom

355 1699 410 1782 qui
423 1719 480 1782 pro
494 1705 635 1782 tempore
654 1701 749 1764 fuerit
763 1701 831 1782 iiijd
845 1701 886 1764 ed
898 1702 1015 1764 testum
1036 1701 1139 1764 saneti
1153 1701 1340 1764 Mromnrs
1352 1720 1410 1783 pro
1423 1700 1570 1764 omnibus
1590 1699 1731 1764 servitiis

358 1832 495 1914 querelis
516 1830 797 1895 consuetudinibus
811 1829 906 1894 eeotis
919 1831 1004 1893 nune
1024 1836 1057 1893 et
1077 1829 1223 1894 ommino
1253 1831 1325 1895 sliie
1353 1831 1547 1895 eeouleribus
1566 1831 1734 1895 demmffie

356 1961 447 2025 selvo
459 1967 528 2024 tem
548 1961 634 2024 dioto
654 1959 822 2025 Wnnrrro
835 1959 875 2022 ds
888 1961 997 2024 Rnon
1010 1966 1043 2023 et
1056 1961 1225 2025 heredibus
1237 1961 1304 2025 suis
1317 1961 1368 2026 vei
1382 1960 1552 2043 msignstie
1565 1961 1608 2042 xij
1618 1961 1650 2024 d.
1671 1979 1730 2043 pro

360 2091 483 2155 herieto
503 2090 631 2173 quondo
651 2090 810 2154 occiderit.
851 2091 896 2153 Eit
910 2091 985 2173 quis
997 2091 1069 2154 volo
1090 2090 1175 2175 quod
1193 2091 1253 2156 heo
1272 2111 1345 2157 mee
1364 2092 1495 2157 donatio
1515 2099 1548 2156 et
1568 2093 1732 2156 oonooseio

354 2237 388 2286 et
426 2221 523 2302 hujus
552 2222 693 2303 presenti
723 2228 812 2286 curte
840 2240 911 2284 mee
939 2222 1136 2286 confirmatio
1165 2227 1235 2286 roto
1265 2229 1298 2287 et
1333 2221 1464 2288 etebiloe
1492 2222 1726 2304 imperpetuum

356 2359 565 2436 permaneant
578 2351 651 2416 huio
664 2350 806 2433 presenti
818 2357 905 2414 oerto
926 2351 1064 2433 sigillum
1084 2371 1192 2415 meum
1215 2352 1356 2434 opposui.
1398 2352 1471 2416 Hiin
1485 2351 1620 2416 testibus
1634 2351 1731 2416 Wsn·

353 2501 439 2548 nuno
452 2483 492 2546 de
506 2483 615 2548 Reum
656 2481 1117 2547 sumersetensium
1157 2482 1277 2546 Trous
1296 2483 1411 2548 tonso
1430 2481 1471 2548 de
1490 2481 1602 2548 eodem
1634 2481 1732 2546 Wrn

361 2631 447 2682 ruso
467 2616 580 2680 Ennes
621 2615 788 2680 Wrnrnno
800 2614 841 2679 (ie
855 2616 968 2681 coemi
988 2619 1022 2678 et
1041 2613 1151 2678 multis
1170 2613 1251 2680 niiir.

963 3019 1128 3088 cxovn.

479 3167 483 3176 ·
511 3151 649 3219 οΑΒΤΑ
670 3149 871 3216 wettrem
891 3147 978 3214 FIL:
1001 3149 1045 3212 H.
1068 3149 1167 3215 0001
1189 3149 1400 3216 wemno
1420 3149 1592 3215 Houor.

824 3281 928 3362 [riom
952 3282 1080 3346 Ostur:
1103 3279 1153 3342 24.
1176 3280 1265 3360 ten]

400 3415 510 3480 Sciunt
528 3421 693 3496 presentes
713 3420 746 3476 ot
765 3411 864 3476 futuri
884 3411 968 3494 quod
989 3429 1046 3492 ego
1067 3411 1255 3475 Wnnrnnos
1283 3410 1367 3475 tilius
1393 3411 1539 3476 Hermon
1560 3412 1639 3478 Ooor
1659 3413 1733 3479 dedi

360 3545 502 3610 oonoossi
521 3553 554 3609 et
573 3544 635 3608 hoo
659 3543 800 3625 presenti
820 3549 909 3606 corte
927 3562 1000 3606 meo
1020 3541 1202 3606 oontirmovi
1221 3561 1279 3624 pro
1299 3561 1365 3606 uno
1384 3561 1492 3606 muros
1511 3543 1734 3626 sterlingorum

359 3676 439 3742 mihi
458 3675 492 3740 in
505 3675 648 3756 ingressu
667 3673 787 3736 donato
807 3673 973 3736 Wnnrrtno
994 3673 1118 3735 Pmm
1138 3670 1218 3734 dues
1239 3691 1329 3736 eorus
1350 3679 1432 3736 terre
1453 3673 1582 3737 orabilis
1594 3673 1628 3736 in
1640 3673 1733 3739 feodo

360 3809 401 3873 de
414 3807 596 3871 annuens
610 3823 683 3868 oum
695 3801 895 3885 pertinentiis
909 3801 975 3867 suis
988 3820 1121 3883 querum
1134 3799 1269 3864 duorum
1287 3819 1432 3866 sororum
1445 3821 1511 3866 uno
1534 3821 1608 3867 eoru
1629 3809 1737 3885 preter

358 3957 457 4006 unum
469 3942 634 4020 peresum
646 3935 731 4017 joret
740 3939 848 4014 operte
862 3931 1008 3996 orientali
1017 3939 1099 3995 terre
1110 3930 1202 3995 Loon
1213 3930 1253 3994 de
1263 3931 1421 3996 hennom
1431 3938 1464 3995 et
1473 3923 1734 4015 operte'oooiden·

357 4071 415 4135 tuli
428 4077 511 4133 terre
524 4087 594 4131 mee
607 4066 698 4148 ouius
712 4084 787 4130 eoru
806 4069 938 4146 sxoepto
950 4083 1016 4126 uno
1028 4069 1160 4145 puroeto
1179 4067 1275 4144 ooput
1296 4062 1475 4145 oquilonuls
1495 4062 1676 4127 extenditur
1689 4063 1731 4128 ed

362 4215 512 4280 msgnnm
531 4199 615 4262 vium
646 4211 709 4278 que
737 4196 802 4260 itur
829 4195 868 4258 de
891 4199 1004 4260 cosin
1035 4193 1119 4276 opud
1149 4193 1301 4256 Krrnorr
1320 4201 1354 4258 st
1374 4199 1470 4276 ooput
1498 4194 1568 4276 ejus
1598 4195 1738 4261 smnus

360 4327 541 4393 extenditur
564 4345 662 4407 nsque
684 4324 725 4389 od
748 4331 867 4388 terrum
887 4324 983 4386 Ierno
996 4321 1035 4386 do
1049 4323 1207 4386 Lssnoon
1220 4328 1254 4386 ot
1268 4329 1363 4404 ceput
1383 4322 1468 4386 illiue
1494 4341 1567 4388 sors
1594 4326 1735 4407 prediote

361 4477 427 4521 uno
449 4462 581 4538 porceto
600 4461 732 4536 excepto
751 4454 836 4535 jsoet
856 4473 920 4517 unu
939 4451 1070 4516 dimidie
1089 4471 1164 4516 sore
1184 4451 1304 4516 soilioet
1323 4452 1410 4516 intro
1434 4457 1553 4517 terrem
1577 4475 1682 4520 mesm
1702 4464 1736 4523 et

364 4595 482 4652 torrem
502 4583 579 4648 dicti
599 4583 695 4649 Istro
715 4591 748 4648 et
768 4603 833 4648 uno
852 4581 983 4646 dimidio
1003 4602 1077 4647 eoru
1096 4588 1129 4646 et
1149 4602 1215 4647 une
1233 4588 1365 4665 puroets
1384 4583 1491 4664 issent
1512 4583 1597 4650 intre
1615 4595 1735 4654 terrem

365 4737 470 4784 meum
483 4725 516 4783 et
527 4716 662 4782 nenium
680 4715 734 4800 qui
752 4715 862 4782 dividit
880 4713 1006 4785 feodum
1014 4713 1053 4782 ds
1063 4713 1312 4785 Mresrursrow
1319 4721 1354 4782 et
1363 4714 1491 4782 feodum
1502 4716 1543 4782 ‹ie
1556 4715 1737 4786 minoen
