3986 5502
421 681 478 744 132

376 987 409 1044 et
434 981 553 1046 sincere
583 979 761 1046 dileccionis
800 982 1010 1047 affeccionsm.
1062 981 1143 1047 cum
1171 981 1254 1046 diem
1283 981 1423 1046 rebiset
1442 979 1606 1046 nostriset
1625 979 1739 1044 dilecto

375 1118 408 1177 et
427 1113 512 1178 fideli
532 1121 640 1178 nostro
660 1116 700 1179 G:
721 1115 761 1178 de
781 1116 890 1180 cusan
912 1115 1026 1180 comiti
1046 1115 1208 1179 Gnoucns'
1229 1121 1262 1178 et
1282 1115 1473 1177 Hunrronn'
1494 1120 1527 1177 et
1547 1113 1612 1176 suis
1631 1131 1668 1176 ac
1687 1131 1735 1175 ce·

378 1244 454 1308 teris
482 1245 715 1309 marchiombus
743 1248 861 1310 nosnis
880 1267 936 1328 per
956 1265 1015 1311 nos
1044 1246 1197 1328 prefixum
1217 1266 1237 1309 a
1256 1246 1307 1309 dio
1328 1245 1376 1308 Sti
1406 1245 1565 1308 Jossnars
1594 1243 1738 1322 Baptista

374 1373 516 1456 proximo
535 1374 685 1456 preterito
705 1376 739 1440 in
762 1395 861 1465 unum
889 1397 1030 1440 mensem
1059 1377 1145 1458 apud
1170 1376 1286 1440 sedum
1316 1376 1446 1440 Moums
1466 1375 1597 1439 Gener
1617 1372 1737 1436 cunctis

375 1501 415 1566 de
435 1503 539 1567 causis
558 1523 812 1586 prorogassemus
831 1505 873 1570 ab
899 1505 954 1570 illo
983 1525 1092 1569 mense
1121 1506 1155 1568 in
1185 1525 1284 1568 unum
1302 1525 1444 1568 mensem
1462 1510 1535 1586 post
1554 1505 1671 1568 fastum
1690 1504 1738 1569 sti

375 1631 562 1696 Mrcussnrs
588 1635 730 1714 proximo
749 1641 882 1698 venturo
901 1642 938 1698 nt
958 1642 1034 1699 tunc
1054 1654 1160 1699 coram
1179 1633 1379 1716 magnatibus
1399 1641 1431 1696 et
1451 1633 1594 1696 fidebhus
1623 1633 1738 1697 nostris

373 1779 430 1844 per
448 1780 507 1826 noa
526 1761 641 1826 ibidem
661 1763 865 1827 destinandos
885 1772 953 1826 tam
972 1764 1060 1828 vobis
1073 1770 1105 1828 st
1119 1765 1231 1827 vestris
1251 1783 1346 1846 quam
1365 1763 1486 1844 prefato
1500 1763 1614 1827 comiti
1627 1769 1659 1826 et
1673 1763 1736 1828 suis

372 1910 412 1956 au
432 1891 502 1954 aliis
521 1893 754 1956 marchiombue
774 1893 890 1956 nostris
909 1893 1057 1974 predictis
1076 1894 1170 1974 plena
1189 1893 1246 1955 fiat
1275 1893 1401 1974 justicia
1420 1913 1513 1974 super
1537 1893 1735 1974 intercepcio·

373 2020 466 2084 nibus
485 2021 663 2086 excessibus
683 2028 715 2086 et
736 2023 1034 2104 transgressionibus
1063 2024 1136 2086 hinc
1166 2025 1239 2088 inde
1259 2023 1352 2086 iactis
1370 2031 1481 2086 contra
1500 2024 1633 2086 formam
1651 2023 1737 2104 pecie

373 2146 456 2211 inter
476 2168 535 2212 nos
554 2156 587 2212 et
607 2170 663 2214 vos
683 2150 760 2213 inite
780 2157 812 2214 et
833 2152 956 2215 firnrste
976 2158 1008 2215 et
1029 2152 1117 2216 robis
1136 2171 1193 2233 per
1223 2153 1330 2216 literas
1350 2161 1475 2217 nostras
1494 2155 1732 2220 mandassemus

370 2277 457 2360 *quod
477 2279 560 2342 diem
585 2279 675 2342 illum
695 2281 865 2345 observetis
885 2282 969 2362 apud
988 2283 1093 2346 locum
1111 2282 1286 2363 predictum
1306 2289 1338 2346 et
1359 2283 1441 2366 quod
1461 2285 1587 2348 interim
1615 2287 1736 2366 prelato

372 2407 564 2473 Comitium
585 2409 650 2474 suis
670 2429 707 2474 ac
728 2411 839 2474 ceteris
852 2411 1085 2474 marchionibus
1104 2411 1221 2475 nostris
1240 2413 1387 2494 predictis
1407 2413 1579 2495 dampnum
1600 2433 1667 2477 non
1688 2416 1735 2477 in·

372 2541 482 2606 ieratis
501 2542 552 2608 vel
571 2561 739 2622 gravamen
760 2560 797 2603 ac
816 2541 883 2621 jam
903 2541 1001 2604 simus
1020 2542 1054 2604 in
1074 2541 1297 2622 proficiscendo
1318 2542 1359 2605 ad
1378 2550 1484 2623 partes
1509 2543 1735 2606 transmarinas

371 2691 429 2755 pro
448 2672 593 2754 homagio
612 2679 721 2736 nostro
741 2673 823 2754 qnod
843 2672 970 2735 domino
990 2671 1067 2752 Regi
1087 2673 1230 2734 Mors
1250 2672 1366 2736 illustri
1385 2673 1486 2736 lacere
1513 2681 1655 2736 tenemur
1678 2693 1735 2754 pre

371 2803 536 2868 dominatu
555 2811 664 2868 nostro
684 2804 865 2878 Acurrmn
894 2805 973 2866 com'
996 2804 1143 2867 Acarns’
1164 2811 1197 2867 et
1217 2803 1287 2868 aliis
1317 2804 1409 2868 terris
1438 2823 1517 2886 quas
1537 2811 1680 2867 tenemus
1700 2813 1733 2868 et

370 2940 404 2998 et
424 2941 531 2998 tenere
550 2935 700 2998 debemus
718 2934 753 2996 in
772 2953 867 3015 regno
887 2934 1030 2996 Faenum
1051 2934 1152 2997 sidem
1171 2934 1298 2996 domino
1318 2933 1395 3013 Regi
1413 2933 1583 3014 prestando
1597 2939 1629 2996 et
1642 2953 1732 3014 prop

371 3069 421 3128 ter
449 3064 511 3128 hoc
540 3063 673 3128 velimus
693 3069 725 3127 et
749 3063 924 3146 specialiter
944 3069 1088 3145 optemus
1108 3062 1149 3125 ed
1168 3082 1279 3143 pacem
1308 3069 1341 3126 et
1371 3063 1618 3144 tranquilitatem
1648 3065 1734 3146 regni

371 3194 472 3258 nostri
493 3200 524 3258 ct
550 3193 690 3275 parcium
719 3192 858 3256 marchia
888 3193 972 3275 quod
991 3191 1079 3255 vobis
1099 3198 1155 3254 sut
1184 3191 1296 3254 vestris
1316 3210 1371 3273 per
1389 3194 1547 3274 prelatum
1577 3195 1731 3258 Comitem

371 3331 428 3388 aut
448 3330 568 3387 ceteros
596 3323 793 3386 marchiones
822 3329 948 3386 nostros
967 3342 1024 3386 scu
1042 3321 1165 3402 preisto
1195 3321 1310 3385 comiti
1330 3328 1385 3385 aut
1405 3322 1482 3403 ipsis
1501 3323 1732 3390 marchionibus

371 3453 488 3517 nostris
507 3473 563 3534 per
582 3472 639 3516 vos
657 3453 708 3516 sel
726 3459 848 3516 vestros
866 3452 989 3514 nullum
1008 3451 1134 3514 interim
1153 3451 1326 3531 dampnum
1344 3450 1395 3514 vel
1413 3451 1560 3515 molestia
1583 3453 1735 3518 inferatur

369 3589 418 3648 set
439 3583 522 3665 quod
541 3582 648 3646 omnia
667 3582 701 3645 in
720 3601 797 3662 pace
825 3583 1048 3664 conquiescant
1077 3600 1175 3663 usque
1196 3581 1237 3644 ad
1257 3581 1340 3644 diem
1365 3582 1579 3663 supradictum
1603 3586 1733 3650 mandu-

368 3713 471 3779 vimus
490 3712 613 3794 preiatc
633 3711 748 3776 Comiti
767 3717 799 3775 et
820 3712 931 3775 catoris
950 3710 1183 3774 marchionibus
1202 3711 1318 3774 nostris
1343 3711 1483 3776 districte
1503 3713 1671 3778 inhibendo
1691 3735 1732 3780 ns

368 3843 457 3911 vobis
476 3844 526 3910 vel
545 3841 659 3907 vestris
678 3841 805 3904 interim
834 3840 970 3904 inierant
1001 3842 1188 3958 dampnumx
1200 3841 1378 3906 molestiam
1398 3861 1454 3905 ssu
1473 3843 1630 3922 jacturam
1649 3845 1732 3908 unde

367 3976 457 4042 uobis
476 3975 664 4038 mandamus
684 3973 814 4035 firmiter
832 3971 1032 4054 injungentes
1052 3972 1135 4054 quod
1162 3973 1319 4052 prelatum
1349 3972 1503 4036 Comitem
1524 3981 1579 4036 aut
1599 3976 1733 4037 marchi·

368 4123 445 4170 ones
464 4105 622 4187 predictos
640 4103 767 4167 interim
779 4102 867 4165 nullo
886 4102 980 4164 modo
1001 4102 1136 4183 pavetis
1156 4122 1212 4166 scu
1226 4123 1245 4166 a
1257 4103 1370 4166 vestris
1389 4105 1512 4185 gravmi
1530 4107 1731 4186 permittatis.

365 4237 513 4302 uetemm
533 4236 607 4318 quia
624 4255 681 4316 per
699 4235 762 4297 fida
776 4233 887 4315 dignos
905 4232 1117 4296 intelleximus
1137 4233 1220 4315 quod
1240 4253 1296 4297 vos
1315 4235 1486 4297 exercitum
1505 4244 1644 4299 vestrum
1664 4239 1731 4317 jam

367 4366 493 4432 banniri
511 4366 630 4429 fecistis
649 4371 681 4428 et
701 4371 807 4446 partes
827 4363 965 4426 marchia
986 4363 1233 4444 appropinquare
1252 4365 1425 4444 proponitis
1445 4365 1486 4428 ad
1503 4367 1660 4446 prelatum
1673 4369 1732 4430 Co-

369 4497 479 4561 mitem
498 4504 531 4560 et
551 4498 629 4560 alios
648 4495 846 4559 marchiones
865 4501 991 4558 nostros
1011 4494 1186 4574 gravandus
1215 4499 1248 4556 et
1282 4501 1382 4557 terras
1413 4514 1486 4558 suas
1510 4495 1627 4559 ibidem
1646 4497 1734 4560 inra-

371 4626 491 4692 dendes
511 4627 550 4692 de
570 4645 632 4709 quc
653 4645 747 4709 quarn
767 4625 935 4708 plurimum
963 4623 1154 4689 mutuamur
1183 4624 1271 4689 vobis
1290 4627 1478 4691 mandamns
1494 4625 1603 4710 idida
1624 4635 1656 4691 et
1676 4628 1735 4694 ho·
