3986 5502
1492 724 1531 789 87

214 1051 289 1116 pree
310 1037 421 1097 essent
440 1050 538 1115 usqne
550 1030 584 1094 in
597 1030 770 1096 erastinum
790 1030 976 1108 mimorum,
996 1030 1082 1096 uenit
1102 1029 1260 1112 predietns
1279 1046 1384 1094 nomes
1404 1033 1436 1092 st
1456 1033 1572 1092 terrem

215 1162 314 1244 ipsius
345 1161 485 1224 Rromm
510 1160 593 1242 oepit
612 1161 647 1224 in
665 1179 796 1226 manum
815 1179 906 1226 suem
926 1165 958 1224 st
977 1158 1052 1224 feeit
1071 1159 1185 1224 liberos
1209 1161 1352 1224 homines
1372 1178 1447 1224 euos
1467 1161 1570 1228 iuuere

217 1291 449 1372 sihomagium
478 1296 512 1354 et
538 1291 673 1356 villenos
699 1291 894 1356 fidelitatem.
940 1295 983 1356 ut
1011 1291 1094 1374 quod
1121 1292 1181 1357 hoo
1215 1291 1296 1357 siout
1325 1296 1438 1358 oontrs
1463 1311 1574 1374 paoem

217 1419 338 1484 domini
368 1419 463 1501 Regis
490 1427 523 1484 et
543 1419 715 1502 dampnum
735 1437 827 1484 snum
846 1419 886 1484 de
905 1437 967 1503 quo
986 1419 1129 1502 produoit
1149 1426 1259 1485 testes.
1305 1419 1350 1484 Et
1370 1439 1475 1484 eomes
1496 1422 1575 1488 elios

216 1549 306 1614 venit
326 1567 434 1611 eorem
453 1548 580 1612 domino
610 1550 696 1631 Rege
725 1549 843 1614 seiiieet
864 1569 885 1616 e
903 1549 954 1614 die
973 1550 1096 1616 Pssohe
1115 1550 1149 1614 in
1169 1571 1210 1616 xv
1229 1550 1297 1616 dies
1317 1553 1400 1634 opud
1422 1553 1573 1618 Oxorusrr

218 1699 304 1744 nuno
316 1677 406 1760 regni
419 1678 468 1742 sui
481 1678 640 1744 trioesimo
659 1678 760 1760 primo
774 1679 877 1761 [1247]
890 1680 974 1762 qnod
993 1680 1185 1746 ottsobistus
1198 1681 1258 1746 iuit
1271 1682 1313 1746 ed
1325 1683 1576 1766 respondendum
1625 1691 1627 1700 '

217 1809 361 1898 predicto
405 1807 551 1872 &omno
578 1805 618 1871 de
650 1807 798 1890 prodistis
830 1809 1129 1892 trsmgressiombus
1148 1815 1182 1876 et
1201 1810 1341 1876 defendit
1370 1813 1435 1878 vim
1464 1819 1515 1878 eto
1542 1821 1576 1877 et

218 1936 368 2023 quioquid
387 1944 498 2001 oontrs
517 1957 627 2026 perern
640 1945 689 2002 est
702 1945 762 2002 sto.
804 1939 848 2003 Et
861 1939 941 2002 dixit
954 1940 1037 2022 quod
1056 1960 1122 2006 non
1141 1940 1305 2008 ridebstur
1318 1943 1347 2007 ei
1360 1943 1444 2026 qnod
1463 1944 1577 2010 debeat

219 2071 249 2134 ei
262 2069 381 2134 ibidem
399 2067 585 2150 respondere
605 2069 679 2151 quie
690 2089 763 2132 oum
781 2069 940 2152 predictus
960 2071 1126 2136 Brosuoue
1146 2079 1335 2155 conquestus
1349 2073 1408 2138 tuit
1422 2073 1460 2138 de
1473 2081 1576 2138 truns-

219 2199 381 2282 qressione
400 2197 430 2260 ei
449 2197 535 2261 iente
547 2197 581 2262 in
601 2199 828 2264 emmonem
841 2171 954 2284 stipes
974 2219 1079 2266 eomes
1098 2201 1209 2268 hebuit
1229 2203 1326 2268 telem
1345 2203 1523 2270 libertatem
1542 2203 1577 2267 in

217 2341 304 2394 terre
324 2353 383 2396 sne
403 2332 442 2394 de
462 2331 690 2394 (immonem
709 2329 793 2410 quod
813 2329 918 2394 nullus
937 2327 977 2395 de
997 2331 1176 2397 hominibus
1204 2333 1270 2398 suis
1290 2352 1348 2397 neo
1369 2332 1439 2398 eliis
1459 2333 1575 2398 debent

218 2463 260 2527 de
273 2461 380 2544 niiquo
400 2461 516 2542 ploeito
535 2460 685 2541 pleoiters
698 2458 773 2522 olibi
792 2478 888 2541 quem
899 2459 983 2524 inirn
995 2460 1174 2526 bbertetem
1192 2481 1283 2528 suem
1296 2463 1335 2528 ds
1350 2463 1578 2528 ermonem

219 2601 253 2656 st
273 2595 314 2658 de
335 2599 422 2656 seots
440 2591 525 2655 idem
544 2591 710 2653 memnon
729 2589 783 2670 qni
803 2593 880 2653 tuno
899 2590 1147 2672 conquerebatur
1166 2597 1215 2658 est
1234 2593 1274 2658 de
1301 2594 1447 2658 bbsrtsts
1471 2593 1527 2658 ille
1546 2598 1579 2657 et

218 2733 303 2790 torro
322 2724 407 2787 unde
426 2719 672 2802 conquerebetur
684 2725 717 2783 st
730 2738 780 2783 res
799 2725 874 2784 sunt
886 2719 926 2784 ds
939 2721 1177 2789 sunnonem.
1216 2724 1261 2788 m
1280 2722 1401 2790 desient
1419 2725 1488 2806 ipse
1507 2741 1580 2788 oon·

222 2863 355 2940 questus
375 2853 434 2916 init
454 2851 538 2935 qnod
558 2849 763 2932 transgressio
783 2849 924 2931 prediots
937 2850 964 2915 si
977 2851 1063 2917 ieots
1082 2853 1141 2918 init
1154 2853 1279 2918 ibidem.
1320 2855 1365 2920 Et
1379 2853 1500 2918 donent
1513 2853 1581 2935 ipse

221 3007 281 3050 neo
310 2992 525 3049 enteoessores
545 2982 595 3046 sni
613 2999 775 3062 nunquam
805 2981 880 3045 sbbi
908 2945 1065 3047 eolebnnt'
1080 2984 1231 3066 plsoitsre
1260 3003 1356 3067 quom
1380 2984 1495 3048 ibidem
1515 3003 1581 3047 non

221 3115 389 3181 videbatur
407 3112 437 3176 oi
457 3112 540 3193 qnod
558 3109 685 3174 deberet
698 3109 728 3172 si
741 3109 936 3190 respondere.
976 3110 1021 3176 Et
1040 3111 1161 3193 roqosit
1180 3111 1342 3176 dominum
1361 3113 1479 3194 Regem
1498 3109 1582 3196 quod

222 3249 346 3308 esame
376 3240 604 3306 ermetem
633 3257 724 3303 suem
754 3243 787 3302 et
816 3239 899 3320 quos
928 3238 1074 3304 somnus
1103 3242 1173 3305 sex
1199 3242 1340 3307 miserae
1368 3243 1483 3308 niuem
1503 3211 1581 3308 ees

221 3375 362 3456 plnosrst
381 3370 461 3436 dnos
479 3371 530 3436 vel
549 3375 613 3432 tres
633 3368 683 3434 vel
695 3373 830 3449 quotuor
842 3367 958 3432 milites
971 3368 1010 3431 de
1023 3369 1154 3434 oonsilio
1167 3371 1209 3435 ed
1222 3345 1410 3437 eudiendnm
1422 3373 1581 3456 querelem

222 3502 357 3586 predioti
376 3502 514 3566 Rrossnr
533 3499 649 3562 ibidem
668 3504 700 3562 st
720 3515 905 3580 responsum
924 3517 1015 3562 susm
1034 3498 1081 3563 ite
1100 3500 1184 3583 qnod
1204 3500 1231 3564 si
1250 3502 1331 3566 bene
1350 3500 1458 3567 ieoerit
1472 3469 1583 3566 seeum
1710 3479 1713 3486 ⁴

223 3635 302 3696 dum
330 3630 588 3695 oonsnetudinem
614 3628 717 3710 petrie
745 3646 802 3709 pro
829 3627 954 3710 institis
982 3628 1071 3693 fieret
1091 3629 1141 3693 sin
1161 3636 1269 3694 entem
1297 3629 1379 3696 bene
1397 3631 1581 3695 oonosdsret
1672 3676 1674 3685 .

223 3763 310 3846 qnod
329 3762 449 3824 foetum
469 3760 538 3841 ejus
563 3756 768 3840 eorrigeretur
793 3777 850 3839 per
879 3757 1042 3822 dominnm
1061 3759 1188 3842 Regem.
1229 3761 1275 3824 Et
1294 3778 1400 3825 nomes
1419 3757 1581 3842 requisivit

222 3901 317 3956 extre
345 3890 497 3971 plnoitnm
517 3889 545 3952 si
569 3887 636 3970 ipss
665 3886 796 3951 heberet
826 3895 966 3951 oestrum
993 3895 1026 3952 et
1054 3895 1171 3954 terrens
1197 3890 1370 3973 predictum
1397 3891 1436 3954 de
1466 3886 1582 3970 indioio

224 4023 395 4086 comitetur
415 4019 464 4082 eni
483 4018 534 4082 vel
554 4017 617 4082 slio
635 4016 730 4081 modo
759 4017 849 4082 duxit
878 4018 961 4100 quod
988 4019 1068 4083 bene
1096 4020 1242 4084 ostendet
1271 4020 1388 4084 ibidem
1416 4016 1500 4102 quod
1528 4015 1582 4080 ills

223 4143 337 4206 hebuit
364 4159 422 4222 per
448 4138 599 4221 judicium
629 4139 715 4203 euris
742 4157 797 4203 sne
825 4145 858 4203 ot
889 4139 1060 4203 seeundum
1088 4141 1346 4204 consuetudinem
1375 4147 1408 4205 st
1435 4140 1579 4222 usagium

223 4271 337 4363 petris.
378 4269 423 4332 Et
436 4269 601 4332 &omnus
622 4268 751 4332 Srwsno
763 4289 820 4350 por
832 4275 1026 4335 ettometum
1047 4288 1139 4335 snum
1158 4275 1235 4333 tuno
1253 4269 1387 4334 renitet
1400 4269 1479 4333 dixit
1498 4269 1583 4352 qnod

226 4421 293 4464 non
320 4398 485 4462 videbatur
503 4397 636 4479 siquod
665 4397 759 4464 debet
786 4399 907 4462 onmem
934 4417 1024 4464 suem
1043 4400 1083 4464 ds
1103 4399 1229 4482 querele
1247 4399 1304 4464 ille
1322 4398 1438 4464 ibidem
1466 4399 1583 4464 bebere

224 4537 276 4592 sot
296 4527 388 4590 debet
408 4532 485 4590 tuno
504 4543 611 4590 eorem
630 4525 714 4607 Rege
734 4525 920 4608 respondere
941 4527 1023 4610 qnod
1042 4527 1109 4611 ipss
1129 4529 1294 4594 Brusunus
1314 4535 1503 4612 oonquestus
1522 4529 1582 4594 init

225 4659 268 4724 ds
288 4676 422 4741 perenm
440 4657 566 4740 proprie
584 4655 682 4740 ipsius
702 4657 835 4723 comitis.
1241 4651 1244 4678 ¹
