3932 5498
378 993 631 1061 mmmmm:
669 996 714 1062 Et
741 997 921 1064 rendmtor
949 995 1034 1062 imre
1052 993 1086 1061 in
1106 993 1209 1080 sepite
1229 993 1269 1060 de
1288 989 1414 1058 redditu
1443 988 1554 1056 essise.
1594 987 1640 1052 Et
1668 983 1749 1052 nibil

379 1131 533 1193 remanet.
1765 1103 1770 1108 ’

891 1305 1065 1388 &morus
1085 1319 1236 1387 onnon
1773 1379 1775 1382 .

417 1449 523 1533 Opere
542 1450 797 1517 mmuletionum.
819 1447 1446 1536 ·1dsm·responust·ds·oxijoper?om
1477 1445 1651 1512 serelsture
1663 1447 1669 1456 '
1681 1459 1753 1526 pro·-

376 1581 574 1647 venientrbus
603 1581 643 1646 de
672 1581 705 1645 xl
732 1583 933 1646 oustumeriie
958 1583 1087 1646 dimidio
1115 1581 1232 1646 ibidem
1247 1580 1320 1664 ·p'er
1349 1575 1433 1644 ide'm
1462 1585 1590 1660 tempus
1617 1563 1762 1658 quornm'

376 1711 506 1794 quilibet
526 1711 620 1776 debet
639 1712 684 1794 iiij
706 1731 802 1796 opere
820 1713 917 1794 preoii
936 1713 1040 1796 operis
1059 1712 1110 1778 ob.
1153 1713 1284 1778 Summe
1304 1711 1389 1792 elxij.

377 1841 427 1904 De
449 1841 562 1924 quibus
595 1849 758 1924 computet
777 1844 811 1906 in
839 1843 1055 1926 eoquietunoie
1073 1843 1085 1925 i
1106 1842 1254 1908 messoris
1273 1847 1306 1905 et
1326 1841 1338 1922 j
1357 1837 1510 1922 prepositi
1529 1835 1583 1919 viij
1611 1853 1756 1916 operum.

375 1970 677 2039 benvenutum
697 1980 734 2038 ut
753 1975 837 2038 inire
856 1975 942 2057 eliiij.
984 1976 1082 2041 Sum:
1103 1995 1164 2057 que
1183 1973 1280 2055 prius.
1321 1973 1367 2036 Et
1387 1971 1467 2034 nihil
1487 1973 1640 2034 remanet.

417 2101 522 2184 Opere
549 2101 741 2168 iuloseionie.
782 2105 827 2169 m
847 2105 887 2169 de
907 2105 941 2168 xl
960 2105 1106 2188 operibus
1134 2103 1317 2168 seleseionie
1346 2099 1602 2184 provenimtibus
1621 2098 1662 2161 de
1682 2118 1757 2180 pre·

374 2231 468 2297 dietis
487 2235 688 2298 custumiis
707 2255 764 2318 per
783 2236 868 2300 idem
887 2243 1013 2318 tempus
1032 2235 1128 2318 preoii
1152 2233 1319 2316 cujuslibet
1339 2231 1442 2314 operis
1462 2230 1525 2312 ijd.
1569 2231 1702 2293 Summe
1723 2229 1758 2292 xl

372 2379 479 2444 opere.
521 2363 615 2428 Unde
646 2370 809 2446 computet
829 2364 863 2428 in
883 2363 1100 2447 requieteneis
1119 2365 1130 2444 j
1151 2362 1303 2444 prepositi
1322 2368 1355 2426 et
1373 2362 1386 2444 j
1407 2360 1555 2424 messoris
1582 2359 1701 2424 ibidem
1732 2361 1755 2444 ij

374 2512 480 2576 opere.
521 2495 563 2558 In
582 2495 766 2560 venditione
786 2501 822 2559 ut
842 2495 925 2560 inire
945 2495 1073 2576 xxxviij.
1115 2499 1157 2559 Et
1178 2493 1256 2556 nihil
1276 2498 1430 2558 remanet.

414 2625 520 2708 Opere
540 2625 581 2689 sd
601 2625 823 2689 eolleooionem
841 2625 907 2688 feni
926 2631 959 2689 et
979 2625 1160 2707 ouriegium.
1202 2625 1294 2687 Idem
1313 2622 1483 2706 respondet
1507 2622 1547 2687 ds
1570 2621 1642 2703 iiij¹¹
1663 2641 1756 2705 oper·

373 2755 446 2822 ibus
466 2755 508 2819 ed
527 2755 748 2820 eolleoeionem
775 2763 808 2820 et
839 2755 1009 2838 mnegium
1039 2755 1104 2820 feni
1129 2754 1246 2819 ibidem
1274 2753 1371 2836 precii
1397 2753 1502 2835 operis
1521 2753 1576 2835 id.
1619 2753 1757 2820 Summe

374 3017 559 3084 vendioione
579 3023 616 3082 ut
636 3017 720 3084 inire
739 3019 837 3100 lxxvi.
862 3019 923 3082 ¹¹bit
943 3017 1023 3082 nihil
1043 3025 1196 3082 remeuet.

412 3147 520 3230 Opere
547 3147 588 3214 ed
616 3147 725 3211 fenum
755 3149 952 3212 tessundum.
994 3148 1086 3212 Idem
1115 3149 1285 3230 respondet
1303 3148 1344 3212 de
1363 3147 1396 3212 ix
1416 3149 1564 3231 operibus
1583 3149 1625 3213 ed
1644 3147 1757 3212 tenum

373 3276 561 3342 busentum
580 3278 838 3360 provenientibus
858 3278 898 3342 de
918 3279 1037 3342 eisdem
1063 3278 1264 3342 eustumeriie
1284 3277 1410 3342 ibidem.
1453 3277 1585 3342 Summe
1614 3276 1658 3340 ix.
1710 3277 1758 3340 Idt

374 3405 556 3473 venduntur
575 3413 611 3470 ut
632 3407 724 3471 inire.
766 3408 810 3472 Et
831 3408 911 3471 nihil
930 3414 1083 3472 remensi.

414 3537 520 3619 Opere
540 3535 767 3616 summpnslis.
808 3536 900 3599 Idem
919 3537 1089 3618 respondet
1108 3537 1149 3600 de
1169 3537 1290 3617 nooelvj
1321 3535 1467 3618 operibus
1494 3537 1755 3617 eutumpnehbus

374 3666 510 3748 reoeptie
522 3665 562 3729 de
575 3665 735 3746 predictus
755 3667 956 3730 eustumsriis
968 3687 1025 3748 per
1038 3667 1122 3730 idem
1141 3673 1267 3747 tempus
1286 3666 1383 3747 precii
1402 3665 1505 3746 operis
1525 3665 1579 3746 jd.
1623 3667 1756 3732 Summe

373 3799 506 3882 oeoolvj.
556 3795 651 3860 Unde
681 3801 844 3877 computet
874 3796 908 3858 in
937 3795 1184 3878 eoquietenoisi
1206 3795 1353 3857 messoris
1372 3794 1384 3875 1'
1404 3794 1556 3875 prepositi
1583 3814 1640 3877 per
1667 3794 1754 3858 idem

374 3935 500 4010 tempus
521 3925 608 4010 xlviij
631 3944 737 4008 opere.
777 3926 820 3989 In
833 3925 1052 4008 eequietsneie
1063 3925 1075 4007 j
1090 3925 1204 3988 bedelli
1224 3924 1371 3988 ferientis
1390 3925 1655 3989 summonitiones
1667 3928 1754 3991 euris

374 4059 501 4124 stulius
520 4057 725 4122 exeeuoiones
745 4057 822 4121 dieti
841 4057 974 4121 manerii
986 4058 1140 4138 peridem
1159 4063 1287 4138 tempus
1306 4057 1350 4142 xij
1365 4076 1470 4139 opere.
1513 4055 1554 4120 In
1567 4057 1753 4123 venditione

374 4197 411 4255 ut
430 4189 524 4254 inire.
577 4190 788 4272 Summaque
809 4189 907 4271 prius.
949 4189 994 4252 Iit
1014 4189 1094 4252 nibil
1114 4195 1268 4253 remanet.

415 4319 522 4402 Opere
548 4319 590 4386 ed
620 4319 716 4384 blede
743 4318 894 4384 oeriends
921 4325 955 4383 et
976 4317 1139 4383 tessende.
1180 4319 1272 4381 Idem
1302 4317 1471 4400 respondet
1492 4318 1532 4382 de
1552 4318 1585 4382 xl
1605 4319 1752 4402 operibus

379 4448 515 4530 reoeptis
528 4449 569 4513 de
582 4449 731 4531 predictis
752 4449 954 4515 oustumeriis
968 4451 1010 4513 ed
1023 4449 1119 4514 bledo
1138 4449 1290 4514 oeriende
1302 4457 1335 4515 st
1348 4450 1503 4516 tessends
1521 4450 1638 4514 ibidem
1655 4453 1752 4535 precii

379 4577 482 4663 operis
501 4579 556 4661 id.
577 4579 628 4646 ob.
671 4579 769 4648 eun:
791 4582 834 4646 xl.
887 4581 982 4650 Unde
1010 4587 1175 4666 computet
1204 4581 1239 4648 in
1266 4583 1463 4668 eoqieteneie
1480 4584 1494 4667 j
1513 4583 1664 4652 messoris
1683 4583 1749 4664 eti
