3986 5502
1503 717 1560 782 133

228 1027 337 1111 mugio
357 1033 390 1092 st
409 1027 579 1091 ‹lileoeione
597 1025 710 1108 qmlus
729 1025 819 1089 nobis
839 1023 989 1089 tenemini
1012 1021 1142 1087 firmiter
1161 1023 1360 1106 injungentes
1379 1023 1462 1106 quod
1483 1023 1523 1087 sb
1542 1024 1599 1086 hu-

224 1159 367 1240 jusmodi
385 1159 545 1241 proposito
573 1157 749 1223 voluntaris
779 1157 967 1220 desistentes
995 1157 1030 1219 in
1063 1175 1141 1237 pose
1170 1175 1228 1220 voe
1255 1156 1401 1219 teneatis.
1442 1155 1496 1217 Itu
1516 1155 1600 1236 quod

230 1287 324 1352 vobis
342 1307 407 1350 non
426 1289 575 1368 imputari
594 1288 707 1350 debent
726 1286 777 1351 vel
795 1285 895 1367 possit
915 1283 999 1366 quod
1018 1303 1080 1366 peu
1100 1284 1134 1347 in
1153 1283 1296 1366 pertibus
1318 1283 1380 1378 illie
1398 1281 1502 1348 miuus
1521 1285 1601 1347 bens

229 1417 423 1482 enervetur.
466 1417 580 1482 eueni
599 1417 683 1501 quor
750 1434 840 1480 rsus
860 1381 984 1496 ossus
1003 1413 1153 1495 impedire
1180 1433 1245 1477 non
1274 1430 1442 1494 poem
1462 1433 1520 1476 neo
1540 1433 1592 1476 vo.

231 1547 340 1609 lumus
360 1546 435 1628 quin
454 1545 569 1627 manti
598 1512 795 1608 marchiones
814 1544 914 1607 nostri
934 1543 976 1606 sd
998 1541 1210 1608 defensionem
1238 1562 1329 1608 suem
1348 1561 1404 1624 per
1423 1563 1457 1608 se
1477 1543 1526 1607 vel
1546 1563 1601 1626 per

232 1675 353 1741 emices
372 1695 447 1741 enos
466 1676 554 1742 robis
573 1677 721 1742 resistant
741 1675 869 1740 viriliter
889 1682 921 1740 et
940 1681 1095 1758 potenter.
1136 1675 1229 1740 Teste
1250 1675 1334 1758 Rege
1354 1675 1439 1758 opud
1463 1675 1599 1739 Wusrn'

232 1806 280 1888 iiij
301 1807 350 1872 die
371 1809 527 1874 Aeonem.

869 2336 980 2403 CLVI.

666 2465 869 2532 cremum
890 2467 950 2530 Dll
972 2465 1163 2532 murm.

605 2595 706 2678 [Rom
729 2597 813 2660 Pru:
835 2596 947 2660 6611:
970 2615 1008 2660 111
1028 2614 1143 2660 rmum:
1165 2598 1209 2678 1.]
1468 2597 1556 2660 1271.

279 2726 344 2790 Rex
363 2724 593 2792 venerabilium
612 2727 756 2807 patribus
784 2729 826 2790 R:
858 2727 1018 2792 consus
1040 2733 1072 2792 st
1092 2727 1187 2790 Inoe'
1218 2733 1251 2792 et
1272 2727 1319 2792 G:
1341 2725 1498 2792 Wuoourr'
1519 2726 1598 2808 epis-

234 2857 324 2938 eopis
344 2857 489 2922 sulutem.
531 2857 612 2922 oum
641 2858 758 2938 pluries
782 2857 1009 2922 inhibuerimus
1038 2857 1273 2922 murmanus
1293 2858 1445 2922 Gnrrrnn
1465 2857 1603 2937 Prineipi

234 2987 374 3051 Wsum
393 3007 435 3052 ne
453 2987 568 3052 dilecto
586 2994 619 3053 et
638 2989 724 3053 fideli
751 2997 861 3054 uestro
881 2991 929 3055 G:
950 2990 989 3054 de
1020 2988 1129 3054 omns
1151 2988 1266 3054 Gomiti
1296 2989 1418 3054 omne·
1440 2994 1472 3052 et
1492 2988 1601 3050 Hnnu'

234 3125 293 3181 snt
311 3119 424 3182 oeteris
442 3119 675 3184 merohiomtus
689 3119 805 3182 nostris
818 3138 874 3201 per
892 3118 996 3201 ipsum
1015 3119 1065 3183 vel
1078 3137 1153 3184 euos
1165 3117 1343 3183 molestiam
1362 3136 1419 3182 eeu
1431 3137 1600 3222 gresemen

235 3249 364 3312 inferret
384 3249 434 3313 vel
453 3248 560 3313 inferri
579 3249 774 3332 permitteret
794 3255 905 3313 eontre
924 3249 1059 3313 formum
1076 3247 1164 3330 penis
1183 3247 1266 3312 inter
1285 3265 1345 3311 nos
1364 3253 1397 3310 et
1416 3247 1520 3328 ipsum
1540 3247 1602 3309 Irn-

233 3395 362 3442 nummr
380 3378 458 3442 inite
478 3386 510 3443 et
530 3379 653 3444 firmate
672 3386 706 3443 et
726 3379 868 3442 similiter
886 3378 1112 3442 inhibuerimus
1131 3378 1254 3461 preieto
1274 3377 1390 3444 coniti
1418 3398 1459 3442 ne
1478 3378 1601 3460 preisto

237 3507 388 3572 Irnnnnro
406 3510 580 3592 dampnum
599 3511 729 3574 inferret
749 3516 862 3575 ooutrs
880 3511 1013 3574 formum
1025 3509 1113 3590 peris
1126 3509 1267 3593 ejusdem
1280 3527 1317 3574 eo
1330 3509 1414 3574 idem
1434 3510 1604 3575 Irunrmrue
1678 3551 1679 3554 =

233 3641 302 3722 jum
321 3648 507 3722 congregato
526 3641 665 3706 exereitn
684 3648 716 3705 et
736 3661 828 3723 posse
848 3661 905 3706 suo
925 3661 998 3706 oum
1017 3641 1138 3707 vexillis
1158 3641 1330 3724 displioetis
1348 3641 1382 3705 in
1411 3659 1509 3706 msnu
1529 3641 1603 3706 forti

237 3776 378 3832 oestrum
397 3771 495 3852 ipsius
514 3771 645 3836 Comitis
665 3773 704 3836 de
731 3772 891 3836 Ksuurm
911 3779 943 3837 et
964 3773 1038 3837 elrlri
1058 3780 1159 3838 terres
1188 3773 1286 3854 ipsius
1306 3771 1438 3836 Comitis
1457 3771 1604 3835 invadere

237 3904 271 3962 et
291 3899 429 3981 dompne
447 3901 630 3983 molesme
649 3901 751 3966 iseere
769 3907 925 3986 proponet
954 3921 991 3967 eo
1022 3903 1049 3967 si
1078 3923 1190 3985 guerre
1219 3901 1394 3966 eommunis
1424 3904 1508 3963 esset
1527 3898 1603 3962 hino

236 4027 310 4092 inde
335 4027 488 4093 mseitete
506 4036 539 4095 et
558 4031 700 4111 prointus
730 4031 842 4097 (lomes
861 4030 895 4095 in
914 4031 1074 4111 presentie
1101 4037 1213 4094 nostru
1242 4028 1433 4092 constitutus
1452 4027 1601 4108 optulerit

237 4177 271 4222 se
292 4157 477 4239 respondere
496 4159 618 4240 prsieto
651 4161 801 4226 hemme
821 4168 853 4225 et
874 4161 944 4224 eliis
962 4161 1003 4224 de
1022 4159 1091 4242 ipso
1110 4159 1161 4224 vel
1181 4159 1220 4223 ds
1240 4159 1306 4222 suis
1338 4155 1601 4237 conquerentibus

238 4305 296 4350 seu
315 4288 462 4368 conqueri
480 4289 657 4356 volentum
677 4292 716 4356 de
744 4291 1042 4375 trmegreesiomlus
1071 4296 1104 4356 et
1132 4289 1225 4354 lentie
1244 4289 1310 4353 suis
1329 4291 1362 4352 et
1381 4305 1509 4351 suorum
1528 4307 1603 4371 quo-

239 4437 433 4502 rumeunque
452 4420 525 4484 inde
555 4429 676 4487 reotum
705 4425 848 4488 imiendo
868 4430 901 4487 et
921 4431 1041 4488 rentum
1069 4421 1221 4502 sepiendo
1242 4425 1275 4482 et
1294 4416 1437 4482 similiter
1456 4417 1604 4498 optulerit

232 4549 359 4614 reddere
378 4551 554 4632 predictum
573 4559 713 4616 ossuum
732 4553 771 4617 ‹le
792 4554 952 4618 Kennrmr
970 4553 1004 4617 in
1016 4570 1147 4618 menum
1166 4555 1309 4614 nostrum
1327 4566 1388 4612 nos
1406 4553 1515 4612 tenore
1530 4567 1597 4630 pre-

240 4681 377 4744 sencium
396 4681 485 4748 robis
505 4681 617 4747 demus
637 4689 828 4767 potestatem
857 4684 1025 4768 reeipiendi
1055 4689 1194 4748 oestrum
1227 4681 1403 4764 prediorum
1422 4679 1455 4744 in
1475 4697 1605 4744 menum
