3932 5498
450 673 510 788 ssi

409 1025 482 1109 xviij
492 1043 516 1090 s.
537 1025 581 1107 iiij
591 1024 622 1088 d.
636 1024 770 1106 receptis
783 1023 822 1088 de
836 1023 964 1087 rs¹oclnx
985 1021 1130 1104 operibus
1144 1021 1185 1086 sd
1198 1022 1294 1088 bleda
1306 1021 1455 1087 metendo
1473 1019 1726 1104 provenientibus
1740 1016 1782 1084 de

408 1157 608 1222 custumeriis
637 1155 754 1221 ibidem
780 1155 878 1237 precii
905 1155 1008 1236 operis
1034 1155 1057 1236 ij
1068 1155 1097 1217 d.
1138 1155 1183 1218 Et
1202 1155 1243 1218 de
1262 1156 1305 1239 vij
1317 1155 1348 1218 li.
1368 1155 1434 1218 ixs.
1454 1153 1508 1236 viij
1520 1154 1550 1216 d.
1579 1153 1713 1235 receptis
1741 1153 1782 1216 de

408 1286 625 1369 rr¹oociiij¹¹xvj
646 1286 794 1368 operibus
814 1285 1072 1368 eutumpnelibus
1091 1287 1348 1368 provenientibus
1360 1287 1401 1350 de
1414 1284 1615 1350 custumeriis
1634 1283 1784 1366 predictis

407 1417 504 1502 precii
523 1415 691 1499 cujuslibet
712 1415 815 1499 operis
835 1415 888 1497 id.
929 1416 974 1479 Et
988 1415 1028 1478 de
1041 1415 1100 1497 ijs.
1122 1417 1256 1496 receptis
1275 1416 1316 1479 de
1335 1415 1483 1497 predictis
1503 1415 1705 1480 ouetnmuriis
1725 1435 1783 1498 pro

407 1546 555 1630 operibus
585 1545 627 1610 sd
656 1545 841 1608 csrisndum
869 1545 973 1626 virgus
1001 1545 1042 1609 ed
1071 1545 1179 1610 isldcs
1194 1545 1313 1608 domini
1332 1546 1429 1628 precii
1455 1547 1559 1626 operis
1590 1546 1640 1610 ob.
1684 1547 1781 1610 Sum:

409 1676 511 1742 xxvii.
531 1675 601 1739 ixs.
623 1675 657 1756 iij
666 1674 697 1737 d.
719 1674 768 1738 ob.

447 1806 571 1870 Plscite
590 1811 623 1868 et
642 1803 896 1886 perquisioiones.
937 1804 1029 1868 Idem
1049 1806 1218 1887 respondet
1237 1806 1278 1869 de
1298 1807 1329 1888 vj
1341 1805 1374 1869 li.
1395 1806 1469 1869 ixd.
1498 1807 1549 1870 ob.
1579 1807 1715 1888 receptis
1745 1807 1784 1870 de

407 1934 533 2018 pleoitie
545 1940 578 1998 et
591 1933 870 2016 perquieicionibus
889 1933 1047 1997 ourieurm
1067 1935 1325 2000 Anemosrrosorr
1339 1943 1372 1999 et
1392 1937 1619 2000 Wsunsusrurr
1638 1937 1678 2001 de
1701 1938 1783 2001 Ises·

408 2083 526 2130 muwrn
546 2071 579 2128 et
600 2063 736 2128 Rrurrrrr
756 2063 916 2144 peridem
937 2071 1072 2145 tempus.
1114 2064 1158 2128 Et
1179 2065 1219 2127 de
1239 2065 1320 2145 liijs.
1342 2065 1415 2146 vjd.
1438 2065 1573 2146 receptis
1593 2066 1633 2129 de
1653 2067 1784 2130 tolnetis

407 2195 540 2261 merceti
560 2195 599 2259 de
620 2195 808 2257 Irssrtuwru
828 2201 860 2258 et
880 2201 1029 2276 portuum
1042 2195 1082 2259 de
1096 2195 1258 2258 Abertheu
1278 2191 1390 2258 Binsr
1411 2202 1443 2260 et
1464 2197 1606 2260 Oesrros
1624 2214 1679 2277 per
1701 2197 1784 2259 idem

408 2337 544 2412 tempus.
586 2327 683 2392 Sum:
704 2326 758 2407 viij
767 2327 800 2390 li.
816 2325 881 2407 xiiij
894 2345 919 2388 e.
941 2325 974 2407 iij
986 2326 1018 2389 d.
1033 2325 1083 2390 ob.
1167 2327 1298 2390 Summe
1317 2327 1419 2390 tocius
1439 2335 1564 2409 recepte
1583 2328 1678 2392 lxvli.
1696 2328 1783 2409 xrijs

407 2459 482 2524 ixd.
502 2457 553 2522 ob.
575 2477 606 2540 q.
628 2462 660 2521 ot
680 2455 740 2522 vd.
761 2456 802 2521 de
822 2477 843 2519 x
863 2453 1047 2520 estivalibus
1066 2455 1204 2520 venditis
1224 2461 1318 2536 super
1337 2464 1529 2538 compotum.

1015 2711 1179 2772 Exonrrsrs.

449 2839 617 2906 Resolucio
644 2837 786 2908 redditus
816 2844 849 2903 et
877 2839 1105 2921 eoquietencie.
1151 2840 1244 2903 Idem
1264 2849 1428 2923 computet
1448 2843 1482 2904 in
1501 2843 1697 2908 resolucione
1717 2846 1780 2909 red·

406 2969 492 3034 ditus
512 2968 622 3033 ebbeti
635 2973 667 3032 et
681 2967 851 3032 conventui
871 2966 910 3030 de
931 2967 1052 3031 Neurus
1065 2967 1099 3029 in
1112 2975 1203 3050 perte
1223 2968 1393 3034 solucionis
1406 2990 1423 3034 c
1434 2971 1467 3036 li.
1489 2973 1608 3037 eisdem
1628 2975 1780 3056 essigneti

407 3099 496 3181 xijli.
526 3097 600 3179 xviij
613 3115 639 3161 s.
660 3097 732 3178 vid.
764 3096 815 3161 ob.
856 3096 898 3158 In
929 3096 1147 3178 acquietencie
1175 3097 1317 3162 redditus
1336 3103 1349 3183 j
1370 3101 1521 3182 prepositi
1540 3105 1552 3184 j
1573 3104 1688 3168 bedelli
1717 3107 1780 3189 eti

409 3227 558 3292 messoris
577 3246 634 3308 pro
654 3225 783 3290 dimidio
804 3244 888 3290 enno
908 3225 978 3307 iijs.
1021 3226 1117 3290 Sum:
1140 3227 1236 3307 xiijli.
1259 3229 1375 3310 xviijd.
1397 3231 1448 3294 ob.

449 3361 568 3446 ¹custus
588 3375 783 3420 cerucsmm.
824 3355 869 3418 Et
889 3355 923 3418 in
936 3354 959 3436 ij
980 3355 1070 3419 novis
1090 3357 1268 3420 vomeribus
1288 3325 1402 3440 emptis
1422 3361 1538 3426 ibidem
1559 3385 1600 3427 xx
1611 3366 1642 3429 d.
1685 3367 1730 3431 Et
1749 3369 1781 3431 in

405 3487 541 3571 vpeciis
560 3487 634 3550 ferri
654 3485 769 3567 emptis
788 3504 845 3566 pro
876 3484 1099 3550 emendacione
1129 3486 1203 3550 ferri
1223 3509 1243 3552 v
1262 3507 1446 3554 ceruoerum
1465 3495 1626 3572 peridem
1655 3504 1780 3580 tempus

404 3621 467 3703 ijs.
488 3617 582 3699 viijd.
625 3619 667 3679 ut
687 3615 721 3678 in
741 3615 899 3698 stipendio
928 3615 1010 3678 febri
1039 3617 1237 3681 emendantis
1266 3619 1353 3684 dicte
1372 3621 1455 3686 ferre
1474 3643 1530 3705 per
1549 3627 1633 3690 idom
1654 3637 1778 3712 tempus

405 3753 429 3833 ij
439 3769 465 3814 s.
487 3748 563 3830 vjd.
605 3747 650 3809 ut
677 3746 712 3808 in
742 3745 788 3826 iiij
815 3746 904 3810 novis
932 3747 1054 3811 camois
1083 3748 1235 3812 faciendis
1265 3750 1381 3814 ibidem
1401 3754 1441 3817 de
1461 3759 1630 3823 moeremio
1658 3761 1777 3825 domini

405 3881 447 3946 ed
467 3877 613 3944 tseohsm
633 3875 728 3958 xvjd.
768 3874 811 3937 In
830 3875 905 3957 xviij
926 3876 1018 3940 novis
1047 3877 1130 3959 jugis
1150 3879 1302 3944 faciendis
1322 3882 1361 3946 de
1381 3889 1551 3952 meeremio
1572 3891 1612 3954 sd
1634 3895 1776 3959 teeohem

406 4011 522 4093 xviijd.
566 4009 661 4074 Sum:
683 4008 750 4072 ixs.
771 4007 866 4091 viijd.

447 4143 565 4206 Gustus
585 4145 782 4204 cerectsmm
795 4145 828 4203 et
848 4139 1071 4222 plaustrorum.
1112 4145 1156 4208 Et
1170 4145 1203 4208 in
1217 4137 1442 4214 emendeoione
1462 4159 1603 4217 rotarum
1622 4157 1635 4237 j
1655 4167 1777 4223 cureote

406 4271 524 4338 ibidem
544 4270 607 4333 xd.
647 4270 692 4334 Et
712 4270 746 4332 in
766 4270 821 4351 viij
835 4271 951 4336 strslris
971 4280 1003 4337 et
1024 4275 1035 4336 l
1056 4275 1171 4356 grossis
1199 4277 1298 4342 clevis
1318 4281 1433 4362 emptis
1453 4283 1494 4345 ed
1513 4283 1597 4348 idern
1623 4287 1703 4350 xxd.
1725 4289 1775 4352 ob.

405 4403 449 4465 In
462 4399 619 4482 stipendio
638 4399 719 4463 iebri
738 4399 822 4464 circe
834 4400 918 4464 idem
932 4422 1011 4485 opus
1031 4404 1122 4485 viijd.
1164 4405 1256 4469 bitin
1269 4427 1334 4473 une
1348 4411 1427 4474 selle
1439 4412 1481 4476 sd
1494 4423 1651 4480 cerectem
1671 4427 1777 4500 erupto

403 4530 522 4597 ibidem
541 4548 613 4593 cum
626 4535 695 4593 toto
710 4544 865 4612 epperstu
877 4533 922 4613 xij
933 4533 964 4596 d.
1006 4533 1050 4597 Et
1064 4535 1097 4596 in
1111 4537 1335 4603 emendacione
1348 4541 1371 4622 ij
1386 4541 1571 4608 coleriorum
1592 4549 1774 4630 equinorum

406 4658 483 4745 iijd.
524 4659 569 4726 Et
588 4659 729 4743 inipsri
749 4679 902 4730 noverum
921 4668 1061 4733 rotcrm
1074 4673 1180 4750 empto
1199 4667 1315 4737 ibidem
1335 4671 1566 4755 edpleuetmm
1580 4697 1637 4746 ve.
1677 4671 1774 4746 scin
