<?xml version="1.0" encoding="UTF-8"?>
<!DOCTYPE html PUBLIC "-//W3C//DTD XHTML 1.0 Transitional//EN"
    "http://www.w3.org/TR/xhtml1/DTD/xhtml1-transitional.dtd">
<html xmlns="http://www.w3.org/1999/xhtml" xml:lang="en" lang="en">
 <head>
  <title>
</title>
<meta http-equiv="Content-Type" content="text/html;charset=utf-8" />
  <meta name='ocr-system' content='tesseract 3.04.00' />
  <meta name='ocr-capabilities' content='ocr_page ocr_carea ocr_par ocr_line ocrx_word'/>
</head>
<body>
  <div class='ocr_page' id='page_1' title='image "./cartetaliamunim00abbegoog_0176.png"; bbox 0 0 3986 5502; ppageno 0'>
   <div class='ocr_carea' id='block_1_1' title="bbox 1536 729 1594 792">
    <p class='ocr_par' dir='ltr' id='par_1_1' title="bbox 1536 729 1594 792">
     <span class='ocr_line' id='line_1_1' title="bbox 1536 729 1594 792; baseline 0.034 -2"><span class='ocrx_word' id='word_1_1' title='bbox 1536 729 1594 792; x_wconf 79' lang='lat'><strong>151</strong></span> 
     </span>
    </p>
   </div>
   <div class='ocr_carea' id='block_1_2' title="bbox 260 1029 1637 1766">
    <p class='ocr_par' dir='ltr' id='par_1_2' title="bbox 260 1029 1637 1766">
     <span class='ocr_line' id='line_1_2' title="bbox 260 1029 1636 1114; baseline 0.003 -19"><span class='ocrx_word' id='word_1_2' title='bbox 260 1033 346 1095; x_wconf 88' lang='lat' dir='ltr'><strong>sicut</strong></span> <span class='ocrx_word' id='word_1_3' title='bbox 366 1031 482 1095; x_wconf 73' lang='lat' dir='ltr'><strong>hirerce</strong></span> <span class='ocrx_word' id='word_1_4' title='bbox 502 1037 649 1095; x_wconf 74' lang='lat' dir='ltr'><strong>tenentes</strong></span> <span class='ocrx_word' id='word_1_5' title='bbox 668 1030 753 1094; x_wconf 90' lang='lat' dir='ltr'><strong>hnuc</strong></span> <span class='ocrx_word' id='word_1_6' title='bbox 766 1030 800 1093; x_wconf 92' lang='lat' dir='ltr'><strong>in</strong></span> <span class='ocrx_word' id='word_1_7' title='bbox 813 1031 954 1096; x_wconf 73' lang='lat' dir='ltr'><strong>monerio</strong></span> <span class='ocrx_word' id='word_1_8' title='bbox 974 1031 1015 1095; x_wconf 89' lang='lat' dir='ltr'><strong>de</strong></span> <span class='ocrx_word' id='word_1_9' title='bbox 1035 1029 1241 1096; x_wconf 72' lang='lat' dir='ltr'><strong>Drussrowrs</strong></span> <span class='ocrx_word' id='word_1_10' title='bbox 1252 1050 1310 1114; x_wconf 91' lang='lat' dir='ltr'><strong>pro</strong></span> <span class='ocrx_word' id='word_1_11' title='bbox 1330 1033 1476 1097; x_wconf 89' lang='lat' dir='ltr'><strong>omuibus</strong></span> <span class='ocrx_word' id='word_1_12' title='bbox 1497 1034 1636 1099; x_wconf 84' lang='lat' dir='ltr'><strong>serviciis</strong></span> 
     </span>
     <span class='ocr_line' id='line_1_3' title="bbox 263 1157 1635 1244; baseline 0.004 -20"><span class='ocrx_word' id='word_1_13' title='bbox 263 1159 399 1244; x_wconf 76' lang='lat' dir='ltr'>querelis</span> <span class='ocrx_word' id='word_1_14' title='bbox 419 1157 514 1224; x_wconf 86' lang='lat' dir='ltr'><strong>sectis</strong></span> <span class='ocrx_word' id='word_1_15' title='bbox 535 1159 813 1224; x_wconf 75' lang='lat' dir='ltr'><strong>eonsuetudimtne</strong></span> <span class='ocrx_word' id='word_1_16' title='bbox 826 1166 859 1226; x_wconf 90' lang='lat' dir='ltr'><strong>et</strong></span> <span class='ocrx_word' id='word_1_17' title='bbox 879 1159 1025 1224; x_wconf 90' lang='lat' dir='ltr'><strong>omnibus</strong></span> <span class='ocrx_word' id='word_1_18' title='bbox 1045 1161 1116 1224; x_wconf 82' lang='lat' dir='ltr'><strong>eliis</strong></span> <span class='ocrx_word' id='word_1_19' title='bbox 1137 1160 1330 1228; x_wconf 68' lang='lat' dir='ltr'><strong>conentur</strong></span> <span class='ocrx_word' id='word_1_20' title='bbox 1349 1163 1524 1228; x_wconf 86' lang='lat' dir='ltr'><strong>demendis.</strong></span> <span class='ocrx_word' id='word_1_21' title='bbox 1567 1167 1635 1230; x_wconf 85' lang='lat' dir='ltr'><strong>Noe</strong></span> 
     </span>
     <span class='ocr_line' id='line_1_4' title="bbox 265 1289 1637 1373; baseline 0.003 -18"><span class='ocrx_word' id='word_1_22' title='bbox 265 1309 343 1355; x_wconf 81' lang='lat' dir='ltr'><strong>vero</strong></span> <span class='ocrx_word' id='word_1_23' title='bbox 372 1290 506 1373; x_wconf 84' lang='lat' dir='ltr'><strong>predicti</strong></span> <span class='ocrx_word' id='word_1_24' title='bbox 532 1291 628 1353; x_wconf 82' lang='lat' dir='ltr'><strong>Auru</strong></span> <span class='ocrx_word' id='word_1_25' title='bbox 660 1289 757 1352; x_wconf 77' lang='lat' dir='ltr'><strong>Knrsu</strong></span> <span class='ocrx_word' id='word_1_26' title='bbox 775 1296 810 1353; x_wconf 87' lang='lat' dir='ltr'><strong>et</strong></span> <span class='ocrx_word' id='word_1_27' title='bbox 838 1290 990 1354; x_wconf 77' lang='lat' dir='ltr'><strong>Jounuru</strong></span> <span class='ocrx_word' id='word_1_28' title='bbox 1019 1309 1099 1354; x_wconf 85' lang='lat' dir='ltr'><strong>uxor</strong></span> <span class='ocrx_word' id='word_1_29' title='bbox 1125 1310 1199 1355; x_wconf 85' lang='lat' dir='ltr'><strong>mee</strong></span> <span class='ocrx_word' id='word_1_30' title='bbox 1231 1291 1297 1355; x_wconf 87' lang='lat' dir='ltr'><strong>filie</strong></span> <span class='ocrx_word' id='word_1_31' title='bbox 1317 1299 1349 1356; x_wconf 90' lang='lat' dir='ltr'><strong>et</strong></span> <span class='ocrx_word' id='word_1_32' title='bbox 1370 1293 1461 1356; x_wconf 84' lang='lat' dir='ltr'><strong>heres</strong></span> <span class='ocrx_word' id='word_1_33' title='bbox 1482 1295 1587 1359; x_wconf 65' lang='lat' dir='ltr'><strong>Miser</strong></span> <span class='ocrx_word' id='word_1_34' title='bbox 1607 1297 1637 1360; x_wconf 87' lang='lat' dir='ltr'><strong>le</strong></span> 
     </span>
     <span class='ocr_line' id='line_1_5' title="bbox 260 1421 1637 1492; baseline 0.004 -6"><span class='ocrx_word' id='word_1_35' title='bbox 260 1421 410 1486; x_wconf 72' lang='lat' dir='ltr'><strong>Turnus</strong></span> <span class='ocrx_word' id='word_1_36' title='bbox 423 1429 455 1486; x_wconf 85' lang='lat' dir='ltr'><strong>et</strong></span> <span class='ocrx_word' id='word_1_37' title='bbox 468 1422 600 1486; x_wconf 87' lang='lat' dir='ltr'><strong>heredes</strong></span> <span class='ocrx_word' id='word_1_38' title='bbox 620 1422 720 1486; x_wconf 86' lang='lat' dir='ltr'><strong>nostri</strong></span> <span class='ocrx_word' id='word_1_39' title='bbox 722 1468 797 1486; x_wconf 90' lang='grc'><strong>......</strong></span> <span class='ocrx_word' id='word_1_40' title='bbox 801 1421 928 1486; x_wconf 82' lang='lat' dir='ltr'><strong>Msnoru</strong></span> <span class='ocrx_word' id='word_1_41' title='bbox 945 1422 985 1487; x_wconf 93' lang='lat' dir='ltr'><strong>de</strong></span> <span class='ocrx_word' id='word_1_42' title='bbox 1004 1422 1121 1488; x_wconf 83' lang='lat' dir='ltr'><strong>Buuur</strong></span> <span class='ocrx_word' id='word_1_43' title='bbox 1143 1430 1176 1489; x_wconf 87' lang='lat' dir='ltr'><strong>et</strong></span> <span class='ocrx_word' id='word_1_44' title='bbox 1199 1421 1368 1488; x_wconf 81' lang='lat' dir='ltr'><strong>heredssrus</strong></span> <span class='ocrx_word' id='word_1_45' title='bbox 1388 1425 1453 1489; x_wconf 87' lang='lat' dir='ltr'><strong>suis</strong></span> <span class='ocrx_word' id='word_1_46' title='bbox 1466 1426 1516 1490; x_wconf 81' lang='lat' dir='ltr'><strong>vel</strong></span> <span class='ocrx_word' id='word_1_47' title='bbox 1529 1445 1637 1492; x_wconf 90' lang='lat' dir='ltr'><strong>eorum</strong></span> 
     </span>
     <span class='ocr_line' id='line_1_6' title="bbox 262 1551 1637 1636; baseline 0.001 -18"><span class='ocrx_word' id='word_1_48' title='bbox 262 1553 434 1635; x_wconf 65' lang='lat' dir='ltr'><strong>croignon</strong></span> <span class='ocrx_word' id='word_1_49' title='bbox 452 1551 629 1635; x_wconf 85' lang='lat' dir='ltr'><strong>predictum</strong></span> <span class='ocrx_word' id='word_1_50' title='bbox 649 1570 797 1616; x_wconf 87' lang='lat' dir='ltr'><strong>mensum</strong></span> <span class='ocrx_word' id='word_1_51' title='bbox 816 1571 890 1616; x_wconf 92' lang='lat' dir='ltr'><strong>cum</strong></span> <span class='ocrx_word' id='word_1_52' title='bbox 909 1552 1035 1616; x_wconf 89' lang='lat' dir='ltr'><strong>curtillo</strong></span> <span class='ocrx_word' id='word_1_53' title='bbox 1054 1571 1127 1616; x_wconf 92' lang='lat' dir='ltr'><strong>cum</strong></span> <span class='ocrx_word' id='word_1_54' title='bbox 1147 1551 1284 1636; x_wconf 76' lang='lat' dir='ltr'><strong>quedem</strong></span> <span class='ocrx_word' id='word_1_55' title='bbox 1301 1557 1392 1635; x_wconf 82' lang='lat' dir='ltr'><strong>[ecre</strong></span> <span class='ocrx_word' id='word_1_56' title='bbox 1404 1557 1504 1636; x_wconf 85' lang='lat' dir='ltr'><strong>terre]</strong></span> <span class='ocrx_word' id='word_1_57' title='bbox 1526 1563 1558 1618; x_wconf 88' lang='lat' dir='ltr'><strong>st</strong></span> <span class='ocrx_word' id='word_1_58' title='bbox 1572 1575 1637 1620; x_wconf 88' lang='lat' dir='ltr'><strong>om·</strong></span> 
     </span>
     <span class='ocr_line' id='line_1_7' title="bbox 262 1681 1636 1766; baseline 0.003 -19"><span class='ocrx_word' id='word_1_59' title='bbox 262 1683 359 1747; x_wconf 83' lang='lat' dir='ltr'><strong>nibus</strong></span> <span class='ocrx_word' id='word_1_60' title='bbox 379 1682 449 1746; x_wconf 77' lang='lat' dir='ltr'><strong>eliis</strong></span> <span class='ocrx_word' id='word_1_61' title='bbox 468 1681 672 1764; x_wconf 69' lang='lat' dir='ltr'><strong>pertinenciis</strong></span> <span class='ocrx_word' id='word_1_62' title='bbox 692 1683 866 1746; x_wconf 85' lang='lat' dir='ltr'><strong>secundum</strong></span> <span class='ocrx_word' id='word_1_63' title='bbox 886 1681 1021 1746; x_wconf 77' lang='lat' dir='ltr'><strong>formem</strong></span> <span class='ocrx_word' id='word_1_64' title='bbox 1039 1683 1247 1766; x_wconf 74' lang='lat' dir='ltr'><strong>prescriptum</strong></span> <span class='ocrx_word' id='word_1_65' title='bbox 1266 1683 1488 1765; x_wconf 76' lang='lat' dir='ltr'><strong>inperpetuum</strong></span> <span class='ocrx_word' id='word_1_66' title='bbox 1514 1705 1636 1751; x_wconf 79' lang='lat' dir='ltr'><strong>weron·</strong></span> 
     </span>
    </p>
   </div>
   <div class='ocr_carea' id='block_1_3' title="bbox 262 1812 1642 2167">
    <p class='ocr_par' dir='ltr' id='par_1_3' title="bbox 262 1812 1642 2167">
     <span class='ocr_line' id='line_1_8' title="bbox 263 1812 1642 1897; baseline 0.003 -20"><span class='ocrx_word' id='word_1_67' title='bbox 263 1813 433 1878; x_wconf 78' lang='lat' dir='ltr'><strong>tinebimue</strong></span> <span class='ocrx_word' id='word_1_68' title='bbox 446 1813 694 1897; x_wconf 72' lang='lat' dir='ltr'><strong>acquietabimus</strong></span> <span class='ocrx_word' id='word_1_69' title='bbox 707 1819 740 1877; x_wconf 87' lang='lat' dir='ltr'><strong>et</strong></span> <span class='ocrx_word' id='word_1_70' title='bbox 748 1812 962 1878; x_wconf 85' lang='lat' dir='ltr'><strong>defendemus.</strong></span> <span class='ocrx_word' id='word_1_71' title='bbox 984 1814 1046 1877; x_wconf 90' lang='lat' dir='ltr'><strong>Pro</strong></span> <span class='ocrx_word' id='word_1_72' title='bbox 1059 1813 1122 1878; x_wconf 87' lang='lat' dir='ltr'><strong>hiis</strong></span> <span class='ocrx_word' id='word_1_73' title='bbox 1135 1819 1243 1879; x_wconf 82' lang='lat' dir='ltr'><strong>eutem</strong></span> <span class='ocrx_word' id='word_1_74' title='bbox 1256 1813 1430 1879; x_wconf 85' lang='lat' dir='ltr'><strong>doneoione</strong></span> <span class='ocrx_word' id='word_1_75' title='bbox 1440 1816 1642 1882; x_wconf 78' lang='lat' dir='ltr'><strong>concessione</strong></span> 
     </span>
     <span class='ocr_line' id='line_1_9' title="bbox 266 1943 1638 2028; baseline 0.006 -21"><span class='ocrx_word' id='word_1_76' title='bbox 266 1950 302 2008; x_wconf 88' lang='lat' dir='ltr'><strong>et</strong></span> <span class='ocrx_word' id='word_1_77' title='bbox 323 1951 409 2007; x_wconf 82' lang='lat' dir='ltr'><strong>curte</strong></span> <span class='ocrx_word' id='word_1_78' title='bbox 438 1944 535 2024; x_wconf 87' lang='lat' dir='ltr'><strong>hujus</strong></span> <span class='ocrx_word' id='word_1_79' title='bbox 562 1943 804 2006; x_wconf 88' lang='lat' dir='ltr'><strong>oonfirmecione</strong></span> <span class='ocrx_word' id='word_1_80' title='bbox 823 1950 857 2008; x_wconf 88' lang='lat' dir='ltr'><strong>et</strong></span> <span class='ocrx_word' id='word_1_81' title='bbox 877 1943 985 2027; x_wconf 85' lang='lat' dir='ltr'><strong>quiete</strong></span> <span class='ocrx_word' id='word_1_82' title='bbox 1012 1943 1208 2008; x_wconf 84' lang='lat' dir='ltr'><strong>clemeoioue</strong></span> <span class='ocrx_word' id='word_1_83' title='bbox 1236 1945 1398 2028; x_wconf 84' lang='lat' dir='ltr'><strong>predictus</strong></span> <span class='ocrx_word' id='word_1_84' title='bbox 1428 1947 1519 2012; x_wconf 84' lang='lat' dir='ltr'><strong>Mrno</strong></span> <span class='ocrx_word' id='word_1_85' title='bbox 1547 1950 1638 2015; x_wconf 90' lang='lat' dir='ltr'><strong>nobis</strong></span> 
     </span>
     <span class='ocr_line' id='line_1_10' title="bbox 262 2071 1638 2167; baseline 0.002 -29"><span class='ocrx_word' id='word_1_86' title='bbox 262 2073 353 2138; x_wconf 88' lang='lat' dir='ltr'><strong>dedit</strong></span> <span class='ocrx_word' id='word_1_87' title='bbox 378 2073 579 2156; x_wconf 74' lang='lat' dir='ltr'><strong>prememirus</strong></span> <span class='ocrx_word' id='word_1_88' title='bbox 607 2072 717 2154; x_wconf 83' lang='lat' dir='ltr'><strong>viginti</strong></span> <span class='ocrx_word' id='word_1_89' title='bbox 747 2071 864 2138; x_wconf 85' lang='lat' dir='ltr'><strong>solidos</strong></span> <span class='ocrx_word' id='word_1_90' title='bbox 892 2071 1026 2154; x_wconf 82' lang='lat' dir='ltr'><strong>urgenti.</strong></span> <span class='ocrx_word' id='word_1_91' title='bbox 1067 2072 1108 2135; x_wconf 89' lang='lat' dir='ltr'><strong>In</strong></span> <span class='ocrx_word' id='word_1_92' title='bbox 1138 2072 1234 2156; x_wconf 78' lang='lat' dir='ltr'><strong>huius</strong></span> <span class='ocrx_word' id='word_1_93' title='bbox 1253 2074 1300 2140; x_wconf 87' lang='lat' dir='ltr'><strong>rei</strong></span> <span class='ocrx_word' id='word_1_94' title='bbox 1319 2075 1536 2167; x_wconf 82' lang='lat' dir='ltr'><strong>testimonium</strong></span> <span class='ocrx_word' id='word_1_95' title='bbox 1563 2078 1638 2142; x_wconf 89' lang='lat' dir='ltr'><strong>huic</strong></span> 
     </span>
    </p>
   </div>
   <div class='ocr_carea' id='block_1_4' title="bbox 259 2226 1640 2558">
    <p class='ocr_par' dir='ltr' id='par_1_4' title="bbox 259 2226 1640 2558">
     <span class='ocr_line' id='line_1_11' title="bbox 262 2226 1640 2316; baseline 0.002 -21"><span class='ocrx_word' id='word_1_96' title='bbox 262 2231 404 2316; x_wconf 81' lang='lat' dir='ltr'><strong>presenti</strong></span> <span class='ocrx_word' id='word_1_97' title='bbox 424 2239 511 2294; x_wconf 83' lang='lat' dir='ltr'><strong>curte</strong></span> <span class='ocrx_word' id='word_1_98' title='bbox 532 2226 765 2312; x_wconf 79' lang='lat' dir='ltr'><strong>eigilie&#39;noetre</strong></span> <span class='ocrx_word' id='word_1_99' title='bbox 784 2231 998 2312; x_wconf 75' lang='lat' dir='ltr'><strong>opposuimus.</strong></span> <span class='ocrx_word' id='word_1_100' title='bbox 1040 2229 1114 2294; x_wconf 90' lang='lat' dir='ltr'><strong>Hiis</strong></span> <span class='ocrx_word' id='word_1_101' title='bbox 1134 2231 1269 2296; x_wconf 86' lang='lat' dir='ltr'><strong>testibus</strong></span> <span class='ocrx_word' id='word_1_102' title='bbox 1289 2231 1457 2298; x_wconf 64' lang='lat' dir='ltr'><strong>wintino</strong></span> <span class='ocrx_word' id='word_1_103' title='bbox 1470 2233 1509 2298; x_wconf 93' lang='lat' dir='ltr'><strong>de</strong></span> <span class='ocrx_word' id='word_1_104' title='bbox 1523 2234 1640 2298; x_wconf 72' lang='lat' dir='ltr'><strong>Ruunt</strong></span> 
     </span>
     <span class='ocr_line' id='line_1_12' title="bbox 264 2359 1639 2430; baseline 0.003 -4"><span class='ocrx_word' id='word_1_105' title='bbox 264 2363 432 2426; x_wconf 78' lang='lat' dir='ltr'><strong>Wrnrnno</strong></span> <span class='ocrx_word' id='word_1_106' title='bbox 451 2361 492 2426; x_wconf 86' lang='lat' dir='ltr'><strong>de</strong></span> <span class='ocrx_word' id='word_1_107' title='bbox 517 2361 757 2426; x_wconf 82' lang='lat' dir='ltr'><strong>Gncnorsnnnn</strong></span> <span class='ocrx_word' id='word_1_108' title='bbox 797 2361 955 2424; x_wconf 78' lang='lat' dir='ltr'><strong>Psrnrrro</strong></span> <span class='ocrx_word' id='word_1_109' title='bbox 980 2360 1069 2424; x_wconf 79' lang='lat' dir='ltr'><strong>Peru</strong></span> <span class='ocrx_word' id='word_1_110' title='bbox 1109 2359 1257 2426; x_wconf 81' lang='lat' dir='ltr'><strong>Bromno</strong></span> <span class='ocrx_word' id='word_1_111' title='bbox 1276 2359 1317 2425; x_wconf 85' lang='lat' dir='ltr'><strong>ds</strong></span> <span class='ocrx_word' id='word_1_112' title='bbox 1337 2361 1448 2428; x_wconf 76' lang='lat' dir='ltr'><strong>doces</strong></span> <span class='ocrx_word' id='word_1_113' title='bbox 1487 2363 1639 2430; x_wconf 80' lang='lat' dir='ltr'><strong>Jousuur</strong></span> 
     </span>
     <span class='ocr_line' id='line_1_13' title="bbox 259 2489 1350 2558; baseline 0 -2"><span class='ocrx_word' id='word_1_114' title='bbox 259 2491 441 2558; x_wconf 81' lang='lat' dir='ltr'><strong>deGnuurr</strong></span> <span class='ocrx_word' id='word_1_115' title='bbox 479 2491 632 2556; x_wconf 80' lang='lat' dir='ltr'><strong>Jousnrrr</strong></span> <span class='ocrx_word' id='word_1_116' title='bbox 652 2490 827 2556; x_wconf 78' lang='lat' dir='ltr'><strong>‹10an</strong></span> <span class='ocrx_word' id='word_1_117' title='bbox 866 2491 1024 2554; x_wconf 73' lang='lat' dir='ltr'><strong>Pernrmo</strong></span> <span class='ocrx_word' id='word_1_118' title='bbox 1063 2489 1350 2558; x_wconf 75' lang='lat' dir='ltr'><strong>Tunuoueteliis.</strong></span> 
     </span>
    </p>
   </div>
   <div class='ocr_carea' id='block_1_5' title="bbox 222 2755 1637 4796">
    <p class='ocr_par' dir='ltr' id='par_1_5' title="bbox 646 2755 1245 3097">
     <span class='ocr_line' id='line_1_14' title="bbox 869 2755 1015 2826; baseline -0.034 0"><span class='ocrx_word' id='word_1_119' title='bbox 869 2755 1015 2826; x_wconf 74' lang='lat' dir='ltr'><strong>cum.</strong></span> 
     </span>
     <span class='ocr_line' id='line_1_15' title="bbox 646 2886 1245 2952; baseline -0.005 0"><span class='ocrx_word' id='word_1_120' title='bbox 646 2887 785 2952; x_wconf 78' lang='lat' dir='ltr'><strong>GABTA</strong></span> <span class='ocrx_word' id='word_1_121' title='bbox 806 2887 949 2951; x_wconf 84' lang='lat' dir='ltr'>ADAMI</span> <span class='ocrx_word' id='word_1_122' title='bbox 969 2886 1079 2951; x_wconf 79' lang='lat' dir='ltr'><strong>lum</strong></span> <span class='ocrx_word' id='word_1_123' title='bbox 1100 2886 1245 2952; x_wconf 81' lang='lat' dir='ltr'>YSAAO.</span> 
     </span>
     <span class='ocr_line' id='line_1_16' title="bbox 728 3016 1169 3097; baseline -0.005 -16"><span class='ocrx_word' id='word_1_124' title='bbox 728 3016 832 3097; x_wconf 72' lang='lat' dir='ltr'><strong>[enez</strong></span> <span class='ocrx_word' id='word_1_125' title='bbox 855 3018 983 3083; x_wconf 75' lang='lat' dir='ltr'><strong>Ome:</strong></span> <span class='ocrx_word' id='word_1_126' title='bbox 1006 3017 1056 3078; x_wconf 79' lang='lat'><strong>24.</strong></span> <span class='ocrx_word' id='word_1_127' title='bbox 1079 3017 1169 3096; x_wconf 62' lang='lat' dir='ltr'><strong>ddi]</strong></span> 
     </span>
    </p>

    <p class='ocr_par' dir='ltr' id='par_1_6' title="bbox 222 3146 1637 4796">
     <span class='ocr_line' id='line_1_17' title="bbox 304 3146 1634 3231; baseline 0.002 -16"><span class='ocrx_word' id='word_1_128' title='bbox 304 3150 413 3216; x_wconf 78' lang='lat' dir='ltr'><strong>Sciunt</strong></span> <span class='ocrx_word' id='word_1_129' title='bbox 433 3154 596 3231; x_wconf 87' lang='lat' dir='ltr'><strong>presentes</strong></span> <span class='ocrx_word' id='word_1_130' title='bbox 615 3155 649 3211; x_wconf 89' lang='lat' dir='ltr'><strong>et</strong></span> <span class='ocrx_word' id='word_1_131' title='bbox 669 3147 767 3211; x_wconf 79' lang='lat' dir='ltr'><strong>futuri</strong></span> <span class='ocrx_word' id='word_1_132' title='bbox 787 3146 870 3230; x_wconf 88' lang='lat' dir='ltr'><strong>quod</strong></span> <span class='ocrx_word' id='word_1_133' title='bbox 890 3164 948 3227; x_wconf 80' lang='lat' dir='ltr'><strong>ego</strong></span> <span class='ocrx_word' id='word_1_134' title='bbox 968 3147 1064 3209; x_wconf 66' lang='grc' dir='ltr'><strong>ΑΜ</strong></span> <span class='ocrx_word' id='word_1_135' title='bbox 1097 3146 1180 3210; x_wconf 83' lang='lat' dir='ltr'><strong>filius</strong></span> <span class='ocrx_word' id='word_1_136' title='bbox 1211 3147 1318 3211; x_wconf 76' lang='lat' dir='ltr'><strong>Yssno</strong></span> <span class='ocrx_word' id='word_1_137' title='bbox 1346 3147 1419 3213; x_wconf 89' lang='lat' dir='ltr'><strong>dedi</strong></span> <span class='ocrx_word' id='word_1_138' title='bbox 1440 3156 1473 3215; x_wconf 86' lang='lat' dir='ltr'><strong>et</strong></span> <span class='ocrx_word' id='word_1_139' title='bbox 1493 3153 1634 3218; x_wconf 87' lang='lat' dir='ltr'><strong>concessi</strong></span> 
     </span>
     <span class='ocr_line' id='line_1_18' title="bbox 259 3263 1632 3364; baseline 0.001 -17"><span class='ocrx_word' id='word_1_140' title='bbox 259 3289 297 3348; x_wconf 90' lang='lat' dir='ltr'><strong>et</strong></span> <span class='ocrx_word' id='word_1_141' title='bbox 316 3283 377 3346; x_wconf 84' lang='lat' dir='ltr'><strong>hee</strong></span> <span class='ocrx_word' id='word_1_142' title='bbox 404 3282 544 3364; x_wconf 83' lang='lat' dir='ltr'><strong>presenti</strong></span> <span class='ocrx_word' id='word_1_143' title='bbox 564 3263 654 3345; x_wconf 74' lang='lat' dir='ltr'><strong>certe</strong></span> <span class='ocrx_word' id='word_1_144' title='bbox 672 3300 745 3344; x_wconf 86' lang='lat' dir='ltr'><strong>mee</strong></span> <span class='ocrx_word' id='word_1_145' title='bbox 764 3278 945 3344; x_wconf 77' lang='lat' dir='ltr'><strong>confirmavi</strong></span> <span class='ocrx_word' id='word_1_146' title='bbox 974 3279 1142 3342; x_wconf 68' lang='lat' dir='ltr'><strong>wernero</strong></span> <span class='ocrx_word' id='word_1_147' title='bbox 1161 3277 1201 3342; x_wconf 88' lang='lat' dir='ltr'><strong>de</strong></span> <span class='ocrx_word' id='word_1_148' title='bbox 1221 3279 1339 3346; x_wconf 71' lang='lat' dir='ltr'><strong>iduum</strong></span> <span class='ocrx_word' id='word_1_149' title='bbox 1357 3280 1398 3344; x_wconf 88' lang='lat' dir='ltr'><strong>de</strong></span> <span class='ocrx_word' id='word_1_150' title='bbox 1417 3281 1516 3346; x_wconf 62' lang='lat' dir='ltr'><strong>hiero</strong></span> <span class='ocrx_word' id='word_1_151' title='bbox 1545 3289 1632 3348; x_wconf 87' lang='lat' dir='ltr'><strong>tenc·</strong></span> 
     </span>
     <span class='ocr_line' id='line_1_19' title="bbox 262 3407 1637 3492; baseline 0.002 -16"><span class='ocrx_word' id='word_1_152' title='bbox 262 3420 373 3476; x_wconf 89' lang='lat' dir='ltr'><strong>mento</strong></span> <span class='ocrx_word' id='word_1_153' title='bbox 392 3432 464 3475; x_wconf 86' lang='lat' dir='ltr'><strong>meo</strong></span> <span class='ocrx_word' id='word_1_154' title='bbox 482 3412 517 3475; x_wconf 90' lang='lat' dir='ltr'><strong>in</strong></span> <span class='ocrx_word' id='word_1_155' title='bbox 542 3412 726 3474; x_wconf 77' lang='lat' dir='ltr'><strong>Dmnsrous</strong></span> <span class='ocrx_word' id='word_1_156' title='bbox 756 3409 919 3472; x_wconf 78' lang='lat' dir='ltr'><strong>dimidiam</strong></span> <span class='ocrx_word' id='word_1_157' title='bbox 947 3428 1055 3472; x_wconf 83' lang='lat' dir='ltr'><strong>sorem</strong></span> <span class='ocrx_word' id='word_1_158' title='bbox 1083 3407 1168 3491; x_wconf 87' lang='lat' dir='ltr'><strong>preti</strong></span> <span class='ocrx_word' id='word_1_159' title='bbox 1201 3429 1262 3492; x_wconf 87' lang='lat' dir='ltr'><strong>qus</strong></span> <span class='ocrx_word' id='word_1_160' title='bbox 1292 3409 1376 3490; x_wconf 72' lang='lat' dir='ltr'><strong>jacet</strong></span> <span class='ocrx_word' id='word_1_161' title='bbox 1401 3411 1435 3476; x_wconf 91' lang='lat' dir='ltr'><strong>in</strong></span> <span class='ocrx_word' id='word_1_162' title='bbox 1460 3413 1637 3479; x_wconf 78' lang='lat' dir='ltr'><strong>Wrouuou</strong></span> 
     </span>
     <span class='ocr_line' id='line_1_20' title="bbox 262 3536 1633 3624; baseline 0.001 -17"><span class='ocrx_word' id='word_1_163' title='bbox 262 3562 365 3608; x_wconf 89' lang='lat' dir='ltr'><strong>unum</strong></span> <span class='ocrx_word' id='word_1_164' title='bbox 384 3547 479 3624; x_wconf 84' lang='lat' dir='ltr'><strong>ceput</strong></span> <span class='ocrx_word' id='word_1_165' title='bbox 498 3540 601 3604; x_wconf 87' lang='lat' dir='ltr'><strong>tendit</strong></span> <span class='ocrx_word' id='word_1_166' title='bbox 620 3559 656 3603; x_wconf 86' lang='lat' dir='ltr'><strong>se</strong></span> <span class='ocrx_word' id='word_1_167' title='bbox 687 3539 728 3603; x_wconf 83' lang='lat' dir='ltr'><strong>ed</strong></span> <span class='ocrx_word' id='word_1_168' title='bbox 753 3537 920 3602; x_wconf 78' lang='lat' dir='ltr'><strong>rivuletem</strong></span> <span class='ocrx_word' id='word_1_169' title='bbox 938 3536 978 3600; x_wconf 91' lang='lat' dir='ltr'><strong>ds</strong></span> <span class='ocrx_word' id='word_1_170' title='bbox 998 3537 1168 3600; x_wconf 80' lang='lat' dir='ltr'><strong>Punuunnr</strong></span> <span class='ocrx_word' id='word_1_171' title='bbox 1188 3545 1221 3603; x_wconf 89' lang='lat' dir='ltr'><strong>et</strong></span> <span class='ocrx_word' id='word_1_172' title='bbox 1241 3538 1376 3603; x_wconf 87' lang='lat' dir='ltr'><strong>elterum</strong></span> <span class='ocrx_word' id='word_1_173' title='bbox 1405 3548 1502 3622; x_wconf 80' lang='lat' dir='ltr'><strong>ceput</strong></span> <span class='ocrx_word' id='word_1_174' title='bbox 1530 3544 1633 3608; x_wconf 88' lang='lat' dir='ltr'><strong>tendit</strong></span> 
     </span>
     <span class='ocr_line' id='line_1_21' title="bbox 263 3667 1632 3752; baseline -0.001 -13"><span class='ocrx_word' id='word_1_175' title='bbox 263 3693 300 3738; x_wconf 91' lang='lat' dir='ltr'><strong>se</strong></span> <span class='ocrx_word' id='word_1_176' title='bbox 318 3691 427 3738; x_wconf 82' lang='lat' dir='ltr'><strong>versus</strong></span> <span class='ocrx_word' id='word_1_177' title='bbox 447 3670 602 3735; x_wconf 86' lang='lat' dir='ltr'><strong>orientem</strong></span> <span class='ocrx_word' id='word_1_178' title='bbox 622 3669 664 3733; x_wconf 81' lang='lat' dir='ltr'><strong>nd</strong></span> <span class='ocrx_word' id='word_1_179' title='bbox 682 3675 810 3752; x_wconf 77' lang='lat' dir='ltr'><strong>protum</strong></span> <span class='ocrx_word' id='word_1_180' title='bbox 831 3667 914 3749; x_wconf 91' lang='lat' dir='ltr'><strong>quod</strong></span> <span class='ocrx_word' id='word_1_181' title='bbox 942 3667 1110 3731; x_wconf 58' lang='lat' dir='ltr'><strong>&amp;omnus</strong></span> <span class='ocrx_word' id='word_1_182' title='bbox 1134 3667 1217 3732; x_wconf 80' lang='lat' dir='ltr'><strong>filins</strong></span> <span class='ocrx_word' id='word_1_183' title='bbox 1236 3667 1394 3733; x_wconf 82' lang='lat' dir='ltr'><strong>Hneunnr</strong></span> <span class='ocrx_word' id='word_1_184' title='bbox 1413 3676 1491 3734; x_wconf 87' lang='lat' dir='ltr'><strong>tunc</strong></span> <span class='ocrx_word' id='word_1_185' title='bbox 1517 3674 1632 3738; x_wconf 85' lang='lat' dir='ltr'><strong>tenuit.</strong></span> 
     </span>
     <span class='ocr_line' id='line_1_22' title="bbox 262 3795 1630 3870; baseline -0.001 -2"><span class='ocrx_word' id='word_1_186' title='bbox 262 3802 447 3870; x_wconf 72' lang='lat' dir='ltr'><strong>Tenendum</strong></span> <span class='ocrx_word' id='word_1_187' title='bbox 466 3808 499 3864; x_wconf 89' lang='lat' dir='ltr'><strong>st</strong></span> <span class='ocrx_word' id='word_1_188' title='bbox 518 3798 700 3863; x_wconf 85' lang='lat' dir='ltr'><strong>hebeudem</strong></span> <span class='ocrx_word' id='word_1_189' title='bbox 719 3798 759 3860; x_wconf 95' lang='lat' dir='ltr'><strong>de</strong></span> <span class='ocrx_word' id='word_1_190' title='bbox 778 3817 830 3862; x_wconf 88' lang='lat' dir='ltr'><strong>ms</strong></span> <span class='ocrx_word' id='word_1_191' title='bbox 850 3802 883 3861; x_wconf 86' lang='lat' dir='ltr'><strong>et</strong></span> <span class='ocrx_word' id='word_1_192' title='bbox 903 3795 1069 3860; x_wconf 86' lang='lat' dir='ltr'><strong>heredibus</strong></span> <span class='ocrx_word' id='word_1_193' title='bbox 1088 3796 1168 3860; x_wconf 85' lang='lat' dir='ltr'><strong>meis</strong></span> <span class='ocrx_word' id='word_1_194' title='bbox 1188 3797 1248 3862; x_wconf 75' lang='lat' dir='ltr'><strong>nti</strong></span> <span class='ocrx_word' id='word_1_195' title='bbox 1267 3804 1301 3861; x_wconf 84' lang='lat' dir='ltr'><strong>et</strong></span> <span class='ocrx_word' id='word_1_196' title='bbox 1320 3797 1487 3864; x_wconf 68' lang='lat' dir='ltr'><strong>heredebus</strong></span> <span class='ocrx_word' id='word_1_197' title='bbox 1501 3801 1567 3866; x_wconf 83' lang='lat' dir='ltr'><strong>suis</strong></span> <span class='ocrx_word' id='word_1_198' title='bbox 1579 3803 1630 3866; x_wconf 89' lang='lat' dir='ltr'><strong>vel</strong></span> 
     </span>
     <span class='ocr_line' id='line_1_23' title="bbox 264 3926 1630 4014; baseline 0.002 -20"><span class='ocrx_word' id='word_1_199' title='bbox 264 3931 434 4014; x_wconf 71' lang='lat' dir='ltr'><strong>assignatio</strong></span> <span class='ocrx_word' id='word_1_200' title='bbox 467 3931 533 3995; x_wconf 84' lang='lat' dir='ltr'><strong>suis</strong></span> <span class='ocrx_word' id='word_1_201' title='bbox 566 3929 662 3992; x_wconf 87' lang='lat' dir='ltr'><strong>libere</strong></span> <span class='ocrx_word' id='word_1_202' title='bbox 692 3929 796 4011; x_wconf 85' lang='lat' dir='ltr'><strong>quiete</strong></span> <span class='ocrx_word' id='word_1_203' title='bbox 829 3927 957 4010; x_wconf 83' lang='lat' dir='ltr'><strong>pecitce</strong></span> <span class='ocrx_word' id='word_1_204' title='bbox 990 3926 1110 4008; x_wconf 79' lang='lat' dir='ltr'><strong>integre</strong></span> <span class='ocrx_word' id='word_1_205' title='bbox 1137 3933 1170 3992; x_wconf 86' lang='lat' dir='ltr'><strong>et</strong></span> <span class='ocrx_word' id='word_1_206' title='bbox 1203 3927 1273 4008; x_wconf 81' lang='lat' dir='ltr'><strong>iure</strong></span> <span class='ocrx_word' id='word_1_207' title='bbox 1306 3927 1505 3994; x_wconf 76' lang='lat' dir='ltr'><strong>hereditario.</strong></span> <span class='ocrx_word' id='word_1_208' title='bbox 1548 3932 1630 3998; x_wconf 81' lang='lat' dir='ltr'><strong>Red-</strong></span> 
     </span>
     <span class='ocr_line' id='line_1_24' title="bbox 266 4057 1632 4141; baseline -0.001 -14"><span class='ocrx_word' id='word_1_209' title='bbox 266 4063 372 4128; x_wconf 85' lang='lat' dir='ltr'><strong>deudo</strong></span> <span class='ocrx_word' id='word_1_210' title='bbox 405 4061 479 4126; x_wconf 89' lang='lat' dir='ltr'><strong>inde</strong></span> <span class='ocrx_word' id='word_1_211' title='bbox 519 4059 687 4124; x_wconf 71' lang='lat' dir='ltr'><strong>annuatim</strong></span> <span class='ocrx_word' id='word_1_212' title='bbox 719 4059 787 4141; x_wconf 87' lang='lat' dir='ltr'><strong>ipse</strong></span> <span class='ocrx_word' id='word_1_213' title='bbox 819 4065 853 4123; x_wconf 83' lang='lat' dir='ltr'><strong>et</strong></span> <span class='ocrx_word' id='word_1_214' title='bbox 886 4057 1018 4122; x_wconf 85' lang='lat' dir='ltr'><strong>heredes</strong></span> <span class='ocrx_word' id='word_1_215' title='bbox 1051 4057 1101 4121; x_wconf 86' lang='lat' dir='ltr'><strong>sui</strong></span> <span class='ocrx_word' id='word_1_216' title='bbox 1133 4057 1184 4123; x_wconf 81' lang='lat' dir='ltr'><strong>vel</strong></span> <span class='ocrx_word' id='word_1_217' title='bbox 1217 4059 1370 4140; x_wconf 70' lang='lat' dir='ltr'><strong>assignati</strong></span> <span class='ocrx_word' id='word_1_218' title='bbox 1404 4059 1454 4123; x_wconf 88' lang='lat' dir='ltr'><strong>sui</strong></span> <span class='ocrx_word' id='word_1_219' title='bbox 1486 4059 1565 4124; x_wconf 82' lang='lat' dir='ltr'><strong>miti</strong></span> <span class='ocrx_word' id='word_1_220' title='bbox 1598 4067 1632 4127; x_wconf 87' lang='lat' dir='ltr'><strong>et</strong></span> 
     </span>
     <span class='ocr_line' id='line_1_25' title="bbox 266 4187 1631 4272; baseline 0.001 -14"><span class='ocrx_word' id='word_1_221' title='bbox 266 4193 436 4258; x_wconf 68' lang='lat' dir='ltr'><strong>heruteu</strong></span> <span class='ocrx_word' id='word_1_222' title='bbox 468 4191 547 4254; x_wconf 88' lang='lat' dir='ltr'><strong>meis</strong></span> <span class='ocrx_word' id='word_1_223' title='bbox 577 4209 677 4255; x_wconf 89' lang='lat' dir='ltr'><strong>unum</strong></span> <span class='ocrx_word' id='word_1_224' title='bbox 709 4189 874 4254; x_wconf 73' lang='lat' dir='ltr'><strong>denarium</strong></span> <span class='ocrx_word' id='word_1_225' title='bbox 903 4189 937 4253; x_wconf 92' lang='lat' dir='ltr'><strong>in</strong></span> <span class='ocrx_word' id='word_1_226' title='bbox 970 4188 1052 4254; x_wconf 80' lang='lat' dir='ltr'><strong>festo</strong></span> <span class='ocrx_word' id='word_1_227' title='bbox 1077 4188 1163 4254; x_wconf 80' lang='lat' dir='ltr'><strong>beuti</strong></span> <span class='ocrx_word' id='word_1_228' title='bbox 1193 4187 1379 4254; x_wconf 71' lang='lat' dir='ltr'><strong>momen</strong></span> <span class='ocrx_word' id='word_1_229' title='bbox 1398 4209 1456 4272; x_wconf 92' lang='lat' dir='ltr'><strong>pro</strong></span> <span class='ocrx_word' id='word_1_230' title='bbox 1484 4192 1631 4260; x_wconf 88' lang='lat' dir='ltr'><strong>omuibus</strong></span> 
     </span>
     <span class='ocr_line' id='line_1_26' title="bbox 263 4318 1630 4406; baseline 0 -16"><span class='ocrx_word' id='word_1_231' title='bbox 263 4324 404 4390; x_wconf 82' lang='lat' dir='ltr'><strong>serviciis</strong></span> <span class='ocrx_word' id='word_1_232' title='bbox 423 4321 557 4405; x_wconf 88' lang='lat' dir='ltr'><strong>querelis</strong></span> <span class='ocrx_word' id='word_1_233' title='bbox 577 4320 671 4386; x_wconf 82' lang='lat' dir='ltr'><strong>sectis</strong></span> <span class='ocrx_word' id='word_1_234' title='bbox 691 4320 848 4386; x_wconf 74' lang='lat' dir='ltr'><strong>curiorum</strong></span> <span class='ocrx_word' id='word_1_235' title='bbox 868 4328 900 4384; x_wconf 90' lang='lat' dir='ltr'><strong>et</strong></span> <span class='ocrx_word' id='word_1_236' title='bbox 920 4318 1085 4384; x_wconf 83' lang='lat' dir='ltr'><strong>demendis</strong></span> <span class='ocrx_word' id='word_1_237' title='bbox 1105 4318 1305 4384; x_wconf 73' lang='lat' dir='ltr'><strong>necdentes.</strong></span> <span class='ocrx_word' id='word_1_238' title='bbox 1347 4323 1414 4402; x_wconf 75' lang='lat' dir='ltr'><strong>Ego</strong></span> <span class='ocrx_word' id='word_1_239' title='bbox 1434 4328 1542 4388; x_wconf 84' lang='lat' dir='ltr'><strong>sutem</strong></span> <span class='ocrx_word' id='word_1_240' title='bbox 1561 4342 1630 4406; x_wconf 90' lang='lat' dir='ltr'><strong>pre·</strong></span> 
     </span>
     <span class='ocr_line' id='line_1_27' title="bbox 264 4447 1632 4530; baseline 0.001 -11"><span class='ocrx_word' id='word_1_241' title='bbox 264 4455 448 4519; x_wconf 77' lang='lat' dir='ltr'><strong>nominetur</strong></span> <span class='ocrx_word' id='word_1_242' title='bbox 468 4453 564 4515; x_wconf 74' lang='lat' dir='ltr'><strong>Anu</strong></span> <span class='ocrx_word' id='word_1_243' title='bbox 583 4458 616 4515; x_wconf 86' lang='lat' dir='ltr'><strong>et</strong></span> <span class='ocrx_word' id='word_1_244' title='bbox 642 4449 773 4514; x_wconf 87' lang='lat' dir='ltr'><strong>heredes</strong></span> <span class='ocrx_word' id='word_1_245' title='bbox 800 4449 864 4514; x_wconf 89' lang='lat' dir='ltr'><strong>mei</strong></span> <span class='ocrx_word' id='word_1_246' title='bbox 888 4448 1029 4530; x_wconf 87' lang='lat' dir='ltr'><strong>predicto</strong></span> <span class='ocrx_word' id='word_1_247' title='bbox 1062 4449 1229 4514; x_wconf 77' lang='lat' dir='ltr'><strong>Wnuruso</strong></span> <span class='ocrx_word' id='word_1_248' title='bbox 1248 4455 1281 4514; x_wconf 86' lang='lat' dir='ltr'><strong>et</strong></span> <span class='ocrx_word' id='word_1_249' title='bbox 1300 4447 1467 4516; x_wconf 84' lang='lat' dir='ltr'><strong>heredibus</strong></span> <span class='ocrx_word' id='word_1_250' title='bbox 1495 4453 1561 4517; x_wconf 85' lang='lat' dir='ltr'><strong>suis</strong></span> <span class='ocrx_word' id='word_1_251' title='bbox 1580 4453 1632 4520; x_wconf 82' lang='lat' dir='ltr'><strong>vel</strong></span> 
     </span>
     <span class='ocr_line' id='line_1_28' title="bbox 222 4567 1633 4666; baseline 0 -18"><span class='ocrx_word' id='word_1_252' title='bbox 222 4584 231 4596; x_wconf 83' lang='lat'>&#39;</span> <span class='ocrx_word' id='word_1_253' title='bbox 265 4584 433 4666; x_wconf 69' lang='lat' dir='ltr'><strong>assignetis</strong></span> <span class='ocrx_word' id='word_1_254' title='bbox 452 4583 518 4648; x_wconf 80' lang='lat' dir='ltr'><strong>suis</strong></span> <span class='ocrx_word' id='word_1_255' title='bbox 538 4567 694 4665; x_wconf 73' lang='lat' dir='ltr'><strong>prefatum</strong></span> <span class='ocrx_word' id='word_1_256' title='bbox 714 4599 820 4645; x_wconf 83' lang='lat' dir='ltr'><strong>eorem</strong></span> <span class='ocrx_word' id='word_1_257' title='bbox 840 4585 873 4643; x_wconf 85' lang='lat' dir='ltr'><strong>et</strong></span> <span class='ocrx_word' id='word_1_258' title='bbox 893 4579 1054 4644; x_wconf 79' lang='lat' dir='ltr'><strong>dimidium</strong></span> <span class='ocrx_word' id='word_1_259' title='bbox 1073 4579 1158 4662; x_wconf 83' lang='lat' dir='ltr'><strong>preti</strong></span> <span class='ocrx_word' id='word_1_260' title='bbox 1176 4586 1289 4646; x_wconf 83' lang='lat' dir='ltr'><strong>contre</strong></span> <span class='ocrx_word' id='word_1_261' title='bbox 1307 4597 1416 4646; x_wconf 87' lang='lat' dir='ltr'><strong>omnes</strong></span> <span class='ocrx_word' id='word_1_262' title='bbox 1435 4581 1579 4650; x_wconf 91' lang='lat' dir='ltr'><strong>homiues</strong></span> <span class='ocrx_word' id='word_1_263' title='bbox 1599 4591 1633 4648; x_wconf 87' lang='lat' dir='ltr'><strong>et</strong></span> 
     </span>
     <span class='ocr_line' id='line_1_29' title="bbox 264 4707 1635 4796; baseline -0.002 -15"><span class='ocrx_word' id='word_1_264' title='bbox 264 4713 402 4781; x_wconf 72' lang='lat' dir='ltr'><strong>{emines</strong></span> <span class='ocrx_word' id='word_1_265' title='bbox 434 4711 656 4796; x_wconf 83' lang='lat' dir='ltr'><strong>inperpetuum</strong></span> <span class='ocrx_word' id='word_1_266' title='bbox 688 4707 966 4776; x_wconf 67' lang='lat' dir='ltr'><strong>mutuabimur</strong></span> <span class='ocrx_word' id='word_1_267' title='bbox 999 4715 1033 4775; x_wconf 84' lang='lat' dir='ltr'><strong>st</strong></span> <span class='ocrx_word' id='word_1_268' title='bbox 1066 4707 1281 4778; x_wconf 78' lang='lat' dir='ltr'><strong>defendemus.</strong></span> <span class='ocrx_word' id='word_1_269' title='bbox 1336 4710 1399 4778; x_wconf 91' lang='lat' dir='ltr'><strong>Pro</strong></span> <span class='ocrx_word' id='word_1_270' title='bbox 1432 4711 1493 4778; x_wconf 84' lang='lat' dir='ltr'><strong>hec</strong></span> <span class='ocrx_word' id='word_1_271' title='bbox 1527 4718 1635 4778; x_wconf 84' lang='lat' dir='ltr'><strong>eutem</strong></span> 
     </span>
    </p>
   </div>
   <div class='ocr_carea' id='block_1_6' title="bbox 0 0 2012 5502">
    <p class='ocr_par' dir='ltr' id='par_1_7' title="bbox 0 0 2012 5502">
     <span class='ocr_line' id='line_1_30' title="bbox 0 0 2012 5502; baseline 0 0"><span class='ocrx_word' id='word_1_272' title='bbox 0 0 2012 5502; x_wconf 95' lang='lat' dir='ltr'><strong> </strong></span> 
     </span>
    </p>
   </div>
  </div>
 </body>
</html>
