3986 5502
458 760 517 823 138

416 1061 561 1125 omnen
581 1061 675 1124 simui
689 1079 762 1124 eum
775 1061 984 1144 quadraginta
1002 1061 1182 1127 homimtus
1196 1062 1236 1127 ed
1250 1080 1340 1128 arma
1359 1080 1456 1146 prope
1475 1067 1605 1146 pontem
1618 1061 1657 1128 de
1671 1061 1778 1126 Rern

413 1209 480 1253 suar
509 1192 641 1254 accessit
661 1197 693 1255 et
713 1193 850 1255 latenter
870 1199 902 1256 et
923 1194 1005 1256 clam
1037 1192 1113 1256 adiit
1141 1193 1316 1274 predictum
1346 1199 1485 1256 castrum
1504 1193 1543 1256 de
1564 1194 1725 1256 Kannrrm
1744 1198 1778 1255 st

412 1321 504 1404 petiit
516 1321 560 1384 ibi
572 1321 748 1403 ingressum
761 1321 802 1384 sd
816 1341 904 1384 arma
923 1321 1088 1384 hominum
1107 1320 1238 1402 predicti
1257 1322 1381 1385 comitis
1402 1321 1573 1384 scrutanda
1585 1328 1618 1385 st
1631 1321 1775 1384 videnda.

412 1455 455 1516 ut
468 1452 612 1514 homines
631 1451 841 1532 predictorum
863 1452 1079 1532 episcoporum
1091 1451 1125 1513 in
1139 1451 1282 1515 custodie
1302 1451 1443 1532 ejusdem
1463 1452 1592 1514 sinistra
1612 1453 1716 1534 aliqua
1735 1452 1775 1514 ds

411 1581 481 1662 ipsc
501 1600 565 1643 non
585 1579 782 1660 suspicantes
802 1598 875 1641 eum
900 1585 1039 1641 castrum
1069 1579 1147 1641 illud
1175 1579 1296 1660 ingredi
1326 1581 1534 1660 permiserunt
1555 1600 1616 1662 quo
1636 1583 1776 1662 ingresse

408 1710 500 1792 petiit
512 1716 549 1772 ut
562 1709 689 1791 quidem
708 1709 800 1772 miles
813 1729 888 1772 suus
908 1671 1001 1790 super
1021 1709 1114 1772 rebus
1127 1711 1159 1772 in
1173 1717 1278 1773 cestro
1290 1711 1345 1772 illo
1359 1711 1566 1774 existentibus
1586 1713 1775 1776 cercioretue

408 1839 530 1921 ingredi
549 1846 659 1921 posset
679 1839 732 1921 qui
751 1840 884 1902 militem
903 1839 994 1901 illum
1006 1846 1039 1902 et
1052 1839 1253 1920 postmodum
1273 1840 1405 1902 tercium
1425 1841 1545 1921 ingredi
1564 1843 1774 1922 permiserunt

410 1970 523 2052 quibus
542 1969 690 2051 ingressis
709 1975 783 2050 post
804 1968 990 2032 scrutinium
1009 1969 1128 2030 iactum
1149 1967 1188 2030 de
1209 1969 1377 2030 amaturis
1396 1969 1479 2030 illius
1493 1969 1533 2037 ad
1547 1975 1671 2050 portam
1691 1971 1774 2049 ejus·

408 2099 482 2163 dem
500 2100 598 2163 castri
616 2106 817 2162 accesserunt
836 2119 899 2180 qua
918 2118 975 2179 per
993 2099 1080 2179 ipsos
1100 2105 1210 2179 aperte
1228 2098 1300 2161 illos
1321 2119 1399 2181 quos
1418 2099 1502 2162 inira
1530 2106 1669 2162 castrum
1694 2100 1773 2162 illud

406 2231 523 2294 morari
542 2231 709 2294 voluerunt
729 2230 770 2293 ud
790 2230 1002 2292 municionem
1023 2229 1164 2309 ejusdem
1194 2229 1332 2309 alioquin
1352 2229 1435 2310 quod
1455 2229 1515 2309 ipsi
1535 2236 1674 2294 casuum
1693 2230 1772 2292 illud

406 2363 528 2426 exirent
548 2367 580 2425 et
600 2381 655 2424 eos
674 2361 893 2442 permitterent
921 2367 1061 2422 castrum
1091 2360 1169 2421 ittud
1189 2359 1230 2422 ad
1250 2379 1328 2438 opue
1347 2359 1480 2440 predicti
1501 2361 1633 2424 Comitis
1652 2360 1773 2424 domiui

406 2491 455 2560 sui
475 2491 642 2554 custodire.
684 2492 738 2553 Ite
757 2491 841 2572 quod
861 2491 1004 2552 homines
1024 2490 1241 2570 episcoporum
1254 2489 1379 2551 illorum
1398 2509 1453 2569 per
1473 2488 1704 2552 districcionem
1724 2491 1772 2553 eie

403 2620 523 2684 iactum
542 2640 599 2701 per
617 2619 792 2701 predictum
812 2619 1078 2682 constabularium
1098 2618 1137 2681 de
1159 2619 1309 2680 Ksuumr
1329 2626 1468 2682 castrum
1487 2619 1565 2682 illud
1584 2619 1771 2684 dimiserunt

403 2759 436 2816 st
466 2751 507 2816 ad
536 2745 680 2815 dcmiuoe
708 2769 782 2813 suos
802 2750 971 2812 redieruut.
1012 2751 1056 2810 Et
1086 2769 1145 2810 nos
1174 2748 1299 2830 quidem
1328 2749 1444 2812 auditis
1471 2751 1631 2830 premissis
1651 2759 1683 2814 et
1703 2771 1769 2815 non

401 2882 503 2945 multo
523 2882 596 2944 inde
617 2880 809 2944 admirantes
830 2878 1022 2940 consulimus
1043 2897 1135 2957 super
1154 2878 1215 2938 hoc
1235 2897 1308 2939 cum
1328 2878 1462 2959 illisqui
1482 2879 1573 2959 juxta
1593 2879 1677 2943 letus
1696 2901 1768 2944 nos-

401 3016 486 3074 trum
499 3018 663 3073 morantur
676 3017 708 3071 et
722 3007 852 3088 negocio
865 3007 919 3068 illo
933 3006 1093 3068 intellecto
1113 3007 1331 3069 mendavimus
1344 3008 1467 3087 prefato
1487 3009 1595 3070 comiti
1614 3011 1767 3090 premissa

401 3147 438 3205 ut
458 3161 517 3205 noe
537 3161 631 3222 super
659 3141 823 3204 voluntate
843 3158 902 3201 sue
922 3145 954 3200 et
975 3137 1002 3200 si
1031 3137 1185 3218 premissa
1213 3157 1269 3219 per
1298 3139 1402 3219 ipsum
1421 3140 1471 3203 vel
1491 3141 1531 3203 ds
1552 3161 1683 3205 ssseueu
1710 3163 1767 3206 eeu

400 3277 548 3354 precepto
569 3289 626 3332 suo
647 3270 749 3331 forent
771 3261 962 3348 attemptata
982 3267 1022 3328 sd
1042 3267 1171 3348 plenum
1196 3267 1339 3330 redderet
1367 3269 1528 3334 cerciores.
1571 3270 1664 3334 Unde
1693 3272 1767 3352 quia

400 3399 433 3462 si
447 3417 554 3460 rumor
573 3397 706 3460 istorum
726 3396 767 3459 ud
787 3415 879 3459 aures
907 3395 1020 3476 prefati
1049 3396 1219 3457 Iuwunmr
1238 3404 1421 3477 perseueret
1451 3399 1518 3478 ipse
1548 3399 1629 3462 torte
1658 3400 1764 3462 credet

399 3527 553 3609 premissa
572 3527 611 3589 de
625 3545 780 3588 consensu
800 3532 909 3587 nostro
929 3524 995 3587 iore
1016 3530 1197 3605 perpetrata
1216 3544 1289 3587 cum
1310 3533 1417 3588 tamen
1431 3527 1470 3588 de
1483 3528 1622 3608 ipsorum
1641 3539 1763 3612 perpet-

398 3632 523 3722 racione
543 3656 706 3718 doleamne
725 3653 813 3718 vobis
832 3654 1020 3718 mandamus
1039 3662 1187 3736 rogantes
1205 3656 1289 3738 quod
1320 3657 1485 3720 consilium
1511 3663 1651 3723 vestrum
1671 3679 1765 3742 super

398 3786 559 3872 premissis
584 3785 676 3848 nobis
706 3784 790 3865 qued
818 3783 914 3846 cicius
944 3785 1093 3848 distincte
1114 3793 1147 3849 et
1167 3791 1241 3866 epte
1270 3787 1452 3866 significetis
1482 3807 1638 3854 unacum
1658 3797 1764 3856 vestre

397 3915 595 4002 beneplacito
614 3912 798 3981 voluntatis.
839 3913 933 3979 ueste
953 3920 1014 3978 etc.

1027 4181 1140 4247 CLIX.

564 4287 567 4294 '
601 4287 603 4294 ‘
638 4314 699 4377 nn
729 4311 1188 4379 runueeaussroureus
1207 4315 1520 4384 uiuumouuu.

876 4445 934 4524 [P:
956 4443 1047 4508 Rzo:
1069 4461 1112 4507 uu
1134 4449 1262 4524 sum]
1633 4453 1722 4518 1272.

441 4575 509 4676 Rex
529 4574 706 4676 annnrrso
745 4573 810 4638 filio
830 4575 982 4637 Gnmrnu
1002 4573 1139 4654 Principi
1159 4575 1295 4636 Wannm
1316 4575 1452 4638 aetutem
1472 4583 1505 4638 st
1525 4577 1644 4642 eineem
1670 4582 1767 4648 dilec-

402 4705 499 4770 cionis
513 4680 729 4770 sedeccionern.⁴
763 4705 813 4770 Ea
826 4724 886 4788 que
906 4705 995 4770 nobis
1016 4723 1108 4787 super
1128 4705 1293 4771 emendam
1313 4706 1489 4774 iaciendum
1507 4715 1540 4776 et
1553 4711 1767 4793 recipiendam
