3986 5502
1515 745 1574 810 135

245 1038 365 1102 tribnat
385 1039 573 1106 facultatem
592 1042 737 1124 canendi
755 1042 899 1109 caetriin
918 1059 1032 1110 manns
1050 1045 1169 1110 domini
1189 1045 1283 1129 Regis
1296 1053 1328 1112 et
1347 1047 1470 1130 aliquos
1489 1049 1529 1113 de
1549 1053 1614 1117 suis

248 1170 378 1234 nomine
401 1170 521 1235 domini
541 1174 623 1255 regie
636 1173 671 1238 in
690 1173 759 1256 ipeo
788 1175 926 1257 ponemii
954 1191 1115 1260 quousque
1140 1179 1208 1261 ipsa
1228 1179 1296 1242 Ber
1315 1179 1438 1262 aliquos
1467 1182 1615 1249 custodes

242 1301 349 1364 neutri
367 1301 452 1383 parti
471 1311 636 1386 suspectos
663 1323 722 1368 neo
741 1305 836 1370 alicui
855 1305 997 1388 parcium
1017 1309 1289 1391 oomangnirntate
1308 1309 1360 1375 rel
1379 1310 1534 1376 affinitate
1555 1331 1613 1380 eeu

247 1433 313 1496 elia
332 1435 512 1498 rationabili
532 1455 630 1500 cenea
648 1437 836 1519 conjunctos
856 1439 897 1502 ad
916 1438 1021 1522 ipsum
1049 1446 1189 1504 casuum
1216 1443 1465 1506 conservandum
1494 1443 1618 1509 noviter

245 1565 372 1631 duxerit
392 1568 627 1633 destinandum.
668 1569 818 1634 Promisit
847 1571 948 1635 eciam
975 1569 1079 1636 dictus
1106 1573 1258 1655 Princeps
1288 1573 1371 1656 qnod
1391 1592 1450 1638 nec
1469 1573 1537 1656 ipse
1557 1591 1617 1641 neo

247 1697 362 1780 aliquis
382 1699 421 1762 de
442 1700 508 1762 soie
528 1720 673 1782 guerram
693 1707 803 1765 contra
831 1701 993 1765 dominum
1014 1703 1171 1769 Oomitem
1190 1704 1241 1769 vel
1260 1704 1397 1787 aliquem
1416 1703 1456 1768 de
1473 1705 1542 1769 suis
1561 1705 1618 1772 lito

246 1845 343 1910 anper
370 1830 493 1910 prefato
523 1837 627 1896 castm
657 1831 815 1913 pendente
839 1832 1024 1915 ‘hujusmodi
1056 1833 1271 1900 contentionis
1296 1834 1460 1898 mentione
1480 1837 1619 1902 movebit

245 1979 307 2023 nec
328 1961 464 2043 aliquem
482 1961 522 2024 de
540 1969 632 2044 parte
654 1963 786 2028 Comitis
813 1981 871 2045 por
889 1983 924 2029 ee
943 1964 995 2030 rel
1018 1984 1075 2047 per
1103 1966 1200 2030 alium
1228 1965 1371 2030 abstrahi
1398 1983 1455 2030 seu
1479 1969 1619 2034 revocari

244 2091 427 2172 procurabit
447 2099 504 2156 aut
522 2092 705 2158 venientem
724 2094 898 2176 receptabit
918 2094 1062 2178 quodque
1082 2095 1226 2160 homines
1245 2095 1296 2161 vel
1316 2102 1462 2160 tenentes
1483 2095 1615 2162 Comitia

241 2239 309 2282 non
328 2221 478 2302 impediet
497 2241 555 2286 neo
574 2221 724 2304 impedire
744 2223 883 2305 patietur
902 2243 958 2306 per
971 2243 1046 2289 auos
1065 2225 1233 2308 quominus
1253 2243 1326 2290 oum
1345 2225 1525 2290 hominibus
1546 2227 1612 2291 suis

246 2358 280 2415 et
299 2353 484 2417 tenentibus
503 2353 599 2417 bbere
619 2353 805 2418 contrahere
824 2355 953 2420 valeant
973 2361 1006 2420 et
1025 2375 1099 2420 oum
1118 2355 1196 2438 ipsis
1222 2362 1434 2420 mercaturam
1462 2373 1615 2421 exercere.

247 2483 465 2548 Promieernnt
484 2483 627 2549 similiter
645 2484 761 2566 prefati
780 2485 918 2568 episcopi
937 2483 1065 2550 nomine
1092 2485 1188 2567 Regis
1212 2503 1270 2568 pro
1299 2485 1421 2551 Gomits
1447 2485 1530 2568 qnod
1550 2505 1618 2568 gar·

246 2621 378 2678 nectura
395 2614 496 2696 ipsine
515 2615 647 2680 Comitis
666 2635 723 2699 per
742 2621 847 2679 totum
866 2635 887 2680 a
906 2615 1087 2698 mpradicto
1106 2623 1211 2681 castro
1231 2616 1356 2681 recedet
1375 2615 1519 2700 quodque
1547 2616 1615 2698 ipee

247 2746 362 2812 Comes
381 2748 420 2812 de
440 2747 496 2811 illo
515 2755 620 2812 caetm
639 2749 797 2830 pendente
817 2748 873 2812 lite
887 2766 921 2812 ee
934 2767 1000 2812 non
1019 2747 1209 2812 intromittet
1222 2747 1257 2811 in
1277 2747 1382 2829 aliquo
1402 2766 1460 2811 nee
1481 2747 1617 2830 aliquem

249 2877 291 2942 de
303 2878 369 2942 enie
388 2879 551 2960 permittet
570 2877 879 2961 innomioterqoirca
896 2877 1102 2942 reiectionem
1120 2877 1219 2960 ipsine
1239 2877 1336 2942 castri
1349 2877 1399 2942 rel
1412 2878 1447 2940 in
1459 2878 1617 2942 fossarum

246 3009 504 3090 augmentatione
523 3007 600 3093 [eive
629 3007 831 3091 reperaciona
849 3009 902 3073 vel
920 3026 1083 3072 murorum
1110 3007 1284 3072 reieooione
1303 3007 1354 3071 vel
1373 3007 1407 3070 in
1428 3006 1534 3089 aliquo
1554 3007 1618 3073 alio

248 3145 418 3220 augmento
446 3159 503 3202 esu
530 3139 709 3202 municione
729 3139 791 3202 nisi
811 3139 985 3202 secundum
1012 3138 1096 3220 quod
1123 3137 1226 3202 iuerat
1246 3136 1298 3200 die
1317 3136 1525 3201 conieooionis
1544 3155 1614 3219 pro·

244 3270 388 3334 sennium
405 3287 466 3332 nec
485 3268 586 3332 eciam
606 3267 653 3330 illi
672 3285 751 3350 quos
771 3287 810 3332 er
830 3273 920 3349 parte
940 3265 1035 3348 Regis
1054 3265 1089 3328 in
1108 3265 1170 3348 ipsi
1189 3283 1258 3330 esee
1287 3265 1477 3348 contigerint
1496 3266 1614 3350 aliquid

244 3401 280 3464 in
293 3383 404 3465 eodem
424 3419 486 3483 qno
500 3400 541 3463 ad
554 3399 765 3463 municionem
784 3397 882 3462 castri
901 3396 1022 3461 censeri
1041 3397 1147 3462 valeat
1167 3396 1368 3479 aliquatenus
1387 3397 1613 3462 innormabunt

244 3552 306 3596 nec
334 3539 448 3595 contra
474 3531 649 3613 prinoipem
673 3531 724 3594 vel
755 3529 891 3612 aliquem
911 3528 951 3591 do
971 3527 1036 3592 suis
1062 3547 1206 3610 guerram
1233 3527 1360 3592 racione
1389 3529 1532 3610 predicta
1558 3527 1615 3594 lite

243 3661 403 3743 pendente
422 3660 561 3725 movebit
580 3659 614 3722 in
634 3659 740 3742 aliqua
758 3665 848 3740 parte
868 3657 923 3720 ubi
942 3656 1011 3738 ipso
1030 3657 1152 3721 nobiles
1172 3663 1274 3722 terras
1293 3658 1413 3722 habent
1426 3660 1614 3741 conjunctas

241 3800 338 3875 atque
356 3792 498 3855 contines
518 3809 577 3854 neo
597 3790 733 3873 aliquem
752 3789 837 3870 parti
856 3788 1005 3870 principie
1025 3787 1230 3854 adherentem
1243 3809 1301 3872 per
1319 3809 1353 3854 se
1373 3789 1424 3854 vel
1443 3810 1500 3872 per
1513 3791 1611 3856 alium

243 3923 386 3987 abstrahi
414 3941 471 3986 eeu
499 3921 638 3986 revocari
665 3919 843 4002 procmabit
876 3925 930 3983 ant
959 3885 1140 3985 venientem
1173 3921 1346 4002 receptabit
1374 3921 1518 4004 quodque
1544 3922 1612 4004 ipse

243 4053 358 4117 comes
378 4052 522 4116 homines
542 4071 598 4114 eeu
619 4056 766 4114 tenentes
786 4048 940 4131 Principis
959 4069 1024 4114 non
1045 4049 1195 4132 impediet
1225 4069 1285 4114 nec
1304 4051 1345 4115 ab
1366 4051 1436 4114 aliis
1456 4057 1612 4132 qnantum

243 4184 278 4246 in
303 4184 372 4264 ipso
400 4189 450 4246 eet
490 4181 640 4263 impedire
675 4181 814 4261 patietur
855 4179 1023 4263 quominus
1042 4181 1103 4263 ipsi
1131 4180 1311 4244 bominibus
1339 4182 1392 4247 vel
1425 4185 1608 4252 tenentibus

243 4313 386 4394 ejusdem
407 4312 538 4376 Comitis
568 4310 728 4394 quodlibet
758 4310 979 4374 commercium
1007 4309 1181 4392 legitimum
1208 4309 1287 4376 inire
1315 4309 1444 4376 valeant
1464 4318 1497 4375 et
1517 4313 1614 4379 bbere

242 4463 317 4508 cum
336 4444 413 4525 ipeie
433 4443 577 4506 similiter
595 4447 807 4505 mercaturam
826 4459 980 4506 exercere.
1029 4441 1114 4506 Item
1134 4441 1279 4506 homines
1299 4440 1339 4508 de
1368 4441 1612 4508 Semnonum

242 4572 389 4636 similiter
408 4572 462 4656 qui
481 4571 576 4637 modo
597 4579 672 4636 sunt
692 4591 765 4635 oum
784 4571 929 4653 Principe
949 4591 1015 4636 non
1036 4571 1231 4636 descendant
1250 4571 1381 4639 inferius
1400 4592 1474 4638 cum
1493 4573 1610 4656 prediis

242 4713 279 4771 et
298 4705 426 4772 tamiliie
454 4705 629 4772 ascendant
659 4704 702 4769 ad
730 4703 918 4770 morandum
938 4710 971 4768 at
992 4702 1235 4770 inhabitandum
1254 4711 1287 4770 et
1308 4703 1385 4771 locis
1412 4705 1466 4770 nbi
1483 4705 1612 4770 inarum
