3956 5488
393 1051 428 1110 33
447 1041 693 1110 exumiuuudum
713 1047 746 1108 et
766 1039 808 1108 33
827 1041 1049 1126 inquirendum
1067 1048 1130 1108 eto.
1151 1041 1192 1110 33
1211 1039 1359 1108 omnen
1388 1040 1689 1126 truusgrusiouiuus
1707 1059 1768 1128 op-

391 1173 606 1258 prosoiomtus
625 1180 676 1241 333
696 1180 810 1240 333333
828 1181 972 1241 tenorem
1004 1179 1091 1240 serto
1109 1173 1251 1258 prediote
1279 1173 1461 1242 homiuibus
1488 1173 1640 1258 prodistis
1665 1174 1768 1242 illsu’s

392 1324 516 1372 ueouou
537 1313 597 1370 eto.

1009 1687 1152 1756 com.

541 1819 684 1886 ΟΔΒΤΔ
702 1817 923 1885 sonemus
944 1819 1004 1883 DE
1025 1819 1174 1884 AVENE
1195 1817 1406 1884 summo
1426 1819 1620 1885 summ.

941 1949 1099 2032 [3333333
1120 1951 1216 2032 lise]
1485 1952 1507 2015 3
1525 1949 1608 2015 suu:
1630 1951 1721 2018 1333.

431 2081 539 2148 Sciunt
558 2089 722 2164 presentes
735 2087 768 2147 33
781 2082 879 2146 futuri
892 2082 975 2165 quod
988 2099 1049 2144 nos
1062 2081 1083 2144 J
1083 2099 1232 2145 3333333
1245 2080 1286 2145 33
1299 2081 1414 2144 evm
1433 2079 1580 2146 domiuus
1593 2081 1633 2146 33
1647 2082 1769 2164 33331Ι

386 2214 475 2282 Suus
493 2221 526 2279 33
545 2214 586 2278 33
607 2213 728 2278 Ktuvnr
749 2213 963 2277 3313333333
983 2231 1062 2276 uxor
1081 2231 1154 2276 meo
1173 2217 1206 2275 33
1226 2211 1363 2274 Tuom
1383 2209 1467 2276 illius
1485 2217 1593 2276 noster
1612 2211 1756 2278 dedimus

387 2345 599 2410 oonoossimns
619 2352 653 2409 et
673 2345 734 2408 333
754 2342 893 2426 presenti
912 2351 1003 2407 osrts
1021 2349 1132 2406 nostru
1151 2341 1405 2406 oonlirmuvimus
1433 2342 1594 2406 omnmo
1622 2342 1761 2408 unm

390 2496 433 2560 sp
453 2477 573 2540 Menoe
601 2494 643 2557 op
662 2475 732 2540 Rus
751 2482 784 2538 et
804 2472 971 2537 heredibus
999 2471 1066 2536 suis
1085 2490 1124 2535 33
1149 2471 1318 2554 3333333333
1347 2470 1428 2536 duos
1457 2491 1549 2537 soros
1574 2474 1660 2556 proti
1689 2493 1762 2538 eum

388 2606 587 2692 pertiuentiis
617 2607 759 2688 juoeutee
787 2604 872 2684 opud
901 2603 1222 2668 Gwnunuuueunuen
1249 2601 1284 2664 iu
1309 2600 1449 2665 dominio
1468 2603 1509 2666 33
1529 2601 1651 2668 Krnvrrr
1678 2605 1763 2672 inter

388 2746 507 2804 terrum
527 2739 670 2803 Onunour
691 2755 732 2818 ep
752 2735 847 2799 Evnn
865 2740 1013 2798 noestam
1032 2733 1232 2797 Tuunornors
1252 2752 1291 2795 ox
1311 2739 1403 2815 purte
1424 2734 1571 2800 orientali
1590 2745 1623 2801 33
1644 2745 1762 2804 terrem

388 2870 487 2954 ipsius
507 2870 651 2935 0333333
670 2874 817 2932 33333333
842 2865 1011 2930 consuere
1031 2884 1072 2928 or
1091 2871 1182 2946 purte
1201 2864 1390 2929 oooideuteli
1410 2873 1443 2930 et
1462 2867 1585 2932 iontem
1613 2877 1761 2935 nocetum

387 3001 680 3066 Fruuouusrnrnun
702 3019 741 3062 ex
760 3005 851 3080 purte
871 2996 1003 3061 3333333
1017 3001 1049 3058 33
1062 3001 1180 3060 torrem
1199 2995 1357 3060 3333333
1371 3017 1412 3080 sp
1427 2998 1535 3064 33333
1548 3019 1589 3082 up
1601 3002 1761 3068 Termes

387 3153 427 3198 ex
446 3140 537 3216 purte
556 3131 669 3196 boriuli
681 3149 739 3212 pro
751 3131 860 3195 doeens
880 3127 988 3193 solidis
1002 3127 1223 3209 sterlingorum
1242 3127 1333 3192 nobis
1345 3148 1401 3211 pre
1413 3131 1562 3198 munibus
1579 3135 1759 3216 persolutis.

386 3251 581 3330 Hebondum
610 3268 643 3325 et
672 3259 844 3324 tenendum
872 3257 975 3322 eidem
1003 3258 1164 3321 Gerrunio
1192 3265 1225 3322 et
1250 3257 1418 3324 heredibus
1446 3260 1513 3326 suis
1532 3281 1571 3326 33
1590 3265 1760 3347 assignetis

381 3392 479 3458 libere
508 3393 613 3475 quiete
632 3391 714 3454 boue
733 3395 766 3453 et
786 3389 820 3452 in
839 3407 917 3471 puoe
937 3388 1005 3469 iure
1025 3386 1215 3452 hereditario
1245 3387 1476 3472 imperpetuum
1505 3411 1580 3458 oum
1606 3399 1755 3464 omnious

385 3520 586 3608 pertinentiis
604 3519 802 3583 libertutibus
829 3517 935 3582 liberis
963 3516 1242 3582 consuetudinibus
1262 3538 1301 3583 33
1320 3520 1527 3603 sysiunrentu's
1546 3525 1613 3591 suis
1631 3529 1759 3610 quibos·

387 3671 521 3735 ouuque.
1218 3650 1219 3653 ’

387 3779 559 3848 33333333
577 3776 652 3844 iude
672 3777 838 3844 muutim
857 3777 949 3842 nobis
961 3785 994 3842 et
1007 3777 1175 3842 33333333
1193 3779 1311 3844 333333
1324 3798 1362 3845 33
1382 3783 1553 3866 assignetis
1571 3785 1640 3868 ipso
1661 3789 1758 3856 (lm

382 3931 479 3980 rusus
498 3919 532 3978 et
550 3909 683 3976 heredes
703 3909 752 3974 sui
772 3929 811 3974 33
831 3909 984 3992 assignati
1003 3909 1085 3975 3333
1103 3911 1250 3978 3333333
1269 3913 1351 3978 boue
1371 3921 1404 3978 et
1423 3917 1545 3982 ususlis
1563 3927 1692 3985 monete
1713 3923 1755 3988 33

382 4047 501 4114 loetum
522 4043 632 4110 Souoti
651 4041 839 4107 lironem
852 4046 885 4104 et
899 4039 1044 4105 leoiendo
1058 4041 1122 4106 ulis
1134 4040 1266 4106 3333333
1285 4041 1393 4108 debito
1404 4050 1439 4109 et
1449 4045 1492 4110 33
1503 4045 1574 4129 iure
1593 4059 1755 4118 oonsueto.

386 4179 431 4244 33
451 4193 513 4244 nos
540 4193 615 4240 vero
644 4170 778 4255 predicti
807 4170 977 4235 33333333
998 4174 1030 4234 33
1050 4169 1213 4234 13333333
1232 4178 1266 4236 33
1285 4171 1421 4239 ’333333
1439 4180 1474 4244 ot
1492 4173 1626 4244 3333333
1655 4181 1758 4246 nostri

386 4309 546 4393 prodiotos
565 4303 645 4370 3333
665 4323 755 4369 soros
774 4302 859 4386 preti
876 4320 950 4366 oum
961 4300 1162 4384 pertinentiis
1181 4301 1379 4368 3333333333
1398 4303 1505 4374 liberis
1524 4313 1759 4390 eonsuetudini.

384 4420 503 4504 eeu
523 4419 727 4518 tyemonis
755 4433 821 4498 suu
848 4431 1037 4498 omumodiu
1056 4438 1094 4496 ue
1113 4433 1289 4516 pronaum
1318 4442 1369 4501 or
1398 4436 1509 4503 3333-
1531 4439 1705 4512 emmo.
1724 4453 1759 4514 3

384 4543 553 4630 minem
582 4563 648 4628 soe
677 4581 715 4627 33
745 4563 915 4644 mugnano
942 4581 1000 4647 por
1026 4561 1222 4628 meumst
1242 4565 1376 4634 33333
1401 4541 1759 4656 3333333333.

386 4667 499 4763 olt-
517 4711 628 4762 ouurer
647 4693 797 4761 mortoles
816 4694 1096 4796 minutium
1114 4703 1149 4764 33
1168 4695 1372 4767 3333333333
1389 4699 1636 4790 upupam·
1699 4771 1704 4780 ,
