3974 5500
474 621 515 685 et

433 920 577 1006 quiretur
595 919 634 988 de
653 921 795 1006 predicte
814 927 900 988 terra
918 939 976 1006 ego
995 927 1028 992 et
1048 921 1179 990 heredes
1199 922 1261 988 mei
1280 922 1359 990 iliud
1388 923 1539 990 iaciemm
1558 923 1599 990 de
1619 923 1795 1016 hemditete

433 1059 543 1118 nostra
561 1053 602 1119 de
621 1055 757 1122 inune
776 1055 824 1122 ita
842 1063 879 1120 ut
909 1055 1052 1138 predicta
1080 1062 1166 1120 terre
1192 1056 1291 1122 libera
1320 1056 1447 1139 penitus
1477 1063 1509 1119 et
1537 1057 1645 1139 quieta
1663 1057 1794 1139 prefatis

431 1183 595 1249 monechis
614 1193 777 1286 maneat
795 1187 1026 1269 inperpetuum.
1068 1187 1253 1252 Notandum
1278 1187 1376 1252 etiam
1396 1186 1479 1270 quod
1498 1205 1593 1269 super
1612 1187 1793 1253 sanctuaria

435 1313 566 1377 ecclesie
585 1314 756 1396 prescripto
777 1314 949 1396 juravimus
969 1316 1011 1379 ad
1030 1317 1300 1381 warantiuandam
1319 1317 1402 1382 hano
1421 1324 1543 1383 cartam
1562 1315 1710 1399 predictis
1728 1335 1794 1382 mo·

430 1443 542 1508 nochis
555 1451 665 1509 centra
677 1465 786 1510 omnes
805 1446 949 1510 homines
968 1446 1197 1529 inperpetuum.
1239 1447 1312 1511 Hiis
1332 1448 1466 1513 testibus
1480 1449 1646 1514 wmnnno
1659 1448 1700 1512 de
1713 1449 1788 1515 Sun'

429 1579 507 1637 tuno
534 1574 715 1640 vicecomite
734 1575 774 1640 de
794 1576 900 1641 Gum'
941 1578 1098 1642 emaum
1127 1577 1359 1642 constabulario
1384 1577 1424 1641 de
1450 1579 1575 1642 Kunuu'
1619 1581 1789 1644 meamne

427 1701 541 1768 clerieo
580 1704 726 1770 menno
745 1704 785 1769 de
805 1705 952 1772 Dunusn'
993 1707 1155 1774 Oenunno
1175 1706 1292 1772 conen
1332 1706 1440 1772 Deum
1466 1707 1530 1774 filio
1550 1709 1648 1775 Hans
1688 1711 1788 1776 Amu-

426 1850 495 1897 nuu
513 1833 715 1900 elicium
755 1837 934 1904 Rusones
954 1843 987 1904 et
1006 1839 1116 1904 multis
1136 1837 1217 1904 aliis.
1327 1847 1330 1854 '
1664 1831 1665 1834 '

1065 2165 1153 2230 mx.

744 2295 882 2362 GABTA
900 2293 1101 2362 HUGONIB
1120 2295 1182 2358 Du
1201 2293 1469 2361 LANGABVAN.

952 2425 1114 2505 [Puamon
1127 2425 1200 2504 us]
1579 2422 1747 2487 1185-91.

465 2553 590 2620 Dilecto
609 2553 693 2636 patri
713 2571 770 2620 suo
791 2555 846 2620 W:
868 2554 930 2618 Dei
949 2555 1052 2637 gratie
1064 2555 1274 2618 Lennavumr
1298 2553 1445 2635 episcopo
1462 2559 1496 2618 et
1509 2552 1656 2618 omnibus
1669 2559 1788 2618 sancte

425 2685 564 2750 ecelesioe
584 2685 657 2748 filiis
677 2684 719 2749 sd
738 2703 816 2767 quos
835 2702 966 2766 presens
986 2684 1137 2767 scriptum
1156 2681 1333 2765 pervenerit
1354 2684 1499 2748 salntem.
1561 2683 1683 2747 Notum
1701 2683 1784 2748 isoio

422 2813 622 2880 universitati
640 2821 754 2879 vestrae
773 2833 825 2878 me
848 2812 973 2876 dedisse
1002 2817 1035 2876 et
1065 2811 1190 2894 prefata
1218 2818 1308 2876 carta
1336 2831 1410 2875 mea
1438 2811 1642 2877 confirmasse
1664 2812 1734 2876 Deo
1753 2819 1787 2878 et

422 2946 525 3013 beate
545 2941 666 3009 Meum
686 2951 719 3008 et
737 2943 903 3008 monachis
915 2943 955 3008 de
968 2942 1111 3007 minem
1131 2942 1165 3006 in
1185 2941 1316 3006 liberam
1328 2947 1361 3006 et
1380 2947 1565 3024 perpetuam
1584 2942 1788 3008 elemosinam

421 3075 554 3139 consilio
573 3082 607 3138 et
626 3092 782 3138 censensu
801 3072 972 3137 amicorum
991 3090 1133 3151 meorum
1157 3078 1190 3136 et
1221 3071 1362 3154 conjugis
1391 3078 1424 3136 ct
1444 3071 1563 3135 domini
1582 3071 1728 3138 Hnsmou
1746 3071 1788 3138 de

422 3204 644 3268 Hmmvnu
670 3223 768 3268 unam
788 3222 895 3268 eoram
914 3209 1007 3268 terre
1027 3202 1068 3267 ed
1088 3201 1240 3267 auxilium
1269 3201 1459 3268 lebricaudte
1487 3203 1616 3284 capellas
1635 3203 1669 3266 in
1688 3203 1786 3268 hono

423 3352 491 3398 rem
512 3333 621 3398 Sancti
641 3333 815 3396 Mannum
836 3333 920 3416 apud
940 3332 1103 3415 grangiam
1127 3352 1235 3398 eorum
1263 3333 1348 3415 quod
1376 3339 1507 3399 vocatur
1534 3333 1787 3408 meuuuns,

422 3482 494 3546 quae
513 3463 658 3528 videlicet
678 3481 753 3526 acra
771 3462 855 3544 jacet
875 3462 1103 3544 iuxtaterram
1122 3481 1218 3544 quam
1238 3462 1285 3526 eis
1309 3469 1415 3544 preter
1440 3461 1589 3528 dederam
1607 3461 1642 3525 in
1662 3482 1726 3526 xxx
1754 3481 1788 3528 a·

422 3610 494 3656 ores
522 3591 563 3656 ed
590 3591 763 3656 australem
790 3597 914 3672 pcrtem
938 3596 985 3666 ut,
1005 3589 1067 3672 ipsi
1094 3589 1239 3654 videlieet
1275 3590 1423 3656 monachi
1450 3589 1589 3656 habenut
1616 3590 1815 3672 prodictam.

423 3741 530 3788 acram
550 3721 646 3786 libere
666 3726 699 3786 et
719 3717 824 3840 quiete
844 3718 885 3782 ab
904 3718 991 3782 omni
1011 3717 1137 3783 servitio
1157 3724 1189 3782 et
1210 3719 1343 3784 seculari
1363 3721 1527 3784 exactione
1546 3719 1581 3782 in
1600 3727 1791 3802 perpetuum

420 3871 479 3936 pro
499 3851 602 3918 soluts
622 3849 737 3916 animes
767 3867 847 3915 mee
876 3855 909 3914 et
936 3849 1043 3914 uxoris
1070 3857 1104 3914 et
1133 3850 1254 3914 domini
1273 3851 1336 3915 mei
1355 3857 1388 3916 et
1409 3858 1645 3916 antecessorum
1664 3857 1697 3916 et
1717 3869 1791 3916 suo·

421 4001 590 4048 cessorem.
631 3981 778 4046 rosetus
799 3980 934 4046 Booneo
958 3981 1121 4046 cellarario
1141 3987 1174 4046 et
1194 3981 1387 4046 Gouummc
1407 3981 1564 4047 monacho
1583 3981 1623 4047 de
1643 3980 1793 4047 Menona

423 4113 518 4176 Auun
537 4111 700 4178 secerdote
719 4111 760 4176 de
791 4111 908 4176 Sancto
938 4110 1082 4177 Hnnmo
1122 4111 1290 4176 Wauruao
1318 4113 1483 4196 capellano
1510 4112 1550 4176 de
1570 4112 1792 4178 humentes

423 4241 535 4308 mane
554 4241 710 4308 Wmssnu
730 4246 763 4305 et
783 4240 930 4308 Bressnc
949 4241 1063 4304 innan
1085 4243 1151 4323 [et]
1172 4242 1339 4310 Wauuuuo
1352 4243 1445 4312 Ruso
1457 4239 1615 4311 onvenie
1634 4241 1674 4310 de
1694 4241 1792 4308 Mau·

367 4389 372 4404 ·
423 4389 488 4438 osa
528 4369 705 4442 Menum
724 4368 857 4455 conjuge
876 4388 949 4438 mea
990 4369 1125 4438 nouam
1145 4369 1244 4436 Gonu.
