<?xml version="1.0" encoding="UTF-8"?>
<!DOCTYPE html PUBLIC "-//W3C//DTD XHTML 1.0 Transitional//EN"
    "http://www.w3.org/TR/xhtml1/DTD/xhtml1-transitional.dtd">
<html xmlns="http://www.w3.org/1999/xhtml" xml:lang="en" lang="en">
 <head>
  <title>
</title>
<meta http-equiv="Content-Type" content="text/html;charset=utf-8" />
  <meta name='ocr-system' content='tesseract 3.04.00' />
  <meta name='ocr-capabilities' content='ocr_page ocr_carea ocr_par ocr_line ocrx_word'/>
</head>
<body>
  <div class='ocr_page' id='page_1' title='image "./cartetaliamunim00abbegoog_0204.png"; bbox 0 0 3932 5498; ppageno 0'>
   <div class='ocr_carea' id='block_1_1' title="bbox 1440 725 1505 812">
    <p class='ocr_par' dir='ltr' id='par_1_1' title="bbox 1440 725 1505 812">
     <span class='ocr_line' id='line_1_1' title="bbox 1440 725 1505 812; baseline 0.062 -4"><span class='ocrx_word' id='word_1_1' title='bbox 1440 725 1505 812; x_wconf 74' lang='lat' dir='ltr'><strong>&#39;rut</strong></span> 
     </span>
    </p>
   </div>
   <div class='ocr_carea' id='block_1_2' title="bbox 173 1013 1659 2832">
    <p class='ocr_par' dir='ltr' id='par_1_2' title="bbox 173 1013 1659 2832">
     <span class='ocr_line' id='line_1_2' title="bbox 177 1013 1659 1130; baseline 0.003 -18"><span class='ocrx_word' id='word_1_2' title='bbox 177 1047 259 1112; x_wconf 76' lang='lat' dir='ltr'><strong>dues</strong></span> <span class='ocrx_word' id='word_1_3' title='bbox 278 1067 370 1112; x_wconf 80' lang='lat' dir='ltr'><strong>eures</strong></span> <span class='ocrx_word' id='word_1_4' title='bbox 383 1053 552 1112; x_wconf 81' lang='lat' dir='ltr'><strong>terrenum</strong></span> <span class='ocrx_word' id='word_1_5' title='bbox 566 1045 631 1111; x_wconf 88' lang='lat' dir='ltr'><strong>suis</strong></span> <span class='ocrx_word' id='word_1_6' title='bbox 643 1045 842 1130; x_wconf 86' lang='lat' dir='ltr'><strong>pertinentiis</strong></span> <span class='ocrx_word' id='word_1_7' title='bbox 862 1047 955 1129; x_wconf 81' lang='lat' dir='ltr'><strong>iuxte</strong></span> <span class='ocrx_word' id='word_1_8' title='bbox 973 1051 1091 1112; x_wconf 80' lang='lat' dir='ltr'><strong>terrem</strong></span> <span class='ocrx_word' id='word_1_9' title='bbox 1110 1046 1194 1112; x_wconf 79' lang='lat' dir='ltr'><strong>dicte</strong></span> <span class='ocrx_word' id='word_1_10' title='bbox 1215 1047 1398 1114; x_wconf 80' lang='lat' dir='ltr'><strong>Wnrsnrnren</strong></span> <span class='ocrx_word' id='word_1_11' title='bbox 1409 1049 1443 1114; x_wconf 92' lang='lat' dir='ltr'><strong>in</strong></span> <span class='ocrx_word' id='word_1_12' title='bbox 1455 1050 1549 1116; x_wconf 83' lang='lat' dir='ltr'><strong>teudo</strong></span> <span class='ocrx_word' id='word_1_13' title='bbox 1589 1013 1593 1031; x_wconf 33' lang='grc' dir='ltr'>Ι</span> <span class='ocrx_word' id='word_1_14' title='bbox 1652 1067 1659 1072; x_wconf 91' lang='grc'><em>·</em></span> 
     </span>
     <span class='ocr_line' id='line_1_3' title="bbox 176 1178 1549 1262; baseline 0.001 -20"><span class='ocrx_word' id='word_1_15' title='bbox 176 1179 219 1242; x_wconf 83' lang='lat' dir='ltr'><strong>de</strong></span> <span class='ocrx_word' id='word_1_16' title='bbox 233 1179 390 1244; x_wconf 73' lang='lat' dir='ltr'><strong>meoun</strong></span> <span class='ocrx_word' id='word_1_17' title='bbox 403 1199 461 1260; x_wconf 87' lang='lat' dir='ltr'><strong>pro</strong></span> <span class='ocrx_word' id='word_1_18' title='bbox 474 1178 605 1243; x_wconf 84' lang='lat' dir='ltr'><strong>dimidie</strong></span> <span class='ocrx_word' id='word_1_19' title='bbox 623 1197 731 1244; x_wconf 80' lang='lat' dir='ltr'><strong>meren</strong></span> <span class='ocrx_word' id='word_1_20' title='bbox 750 1179 873 1261; x_wconf 78' lang='lat' dir='ltr'><strong>urgenti</strong></span> <span class='ocrx_word' id='word_1_21' title='bbox 892 1198 988 1262; x_wconf 84' lang='lat' dir='ltr'><strong>quem</strong></span> <span class='ocrx_word' id='word_1_22' title='bbox 1007 1179 1111 1245; x_wconf 86' lang='lat' dir='ltr'><strong>dietus</strong></span> <span class='ocrx_word' id='word_1_23' title='bbox 1132 1178 1222 1244; x_wconf 81' lang='lat' dir='ltr'><strong>iimo</strong></span> <span class='ocrx_word' id='word_1_24' title='bbox 1242 1179 1321 1242; x_wconf 88' lang='lat' dir='ltr'><strong>mihi</strong></span> <span class='ocrx_word' id='word_1_25' title='bbox 1340 1179 1549 1262; x_wconf 83' lang='lat' dir='ltr'><strong>donsvitpre·</strong></span> 
     </span>
     <span class='ocr_line' id='line_1_4' title="bbox 176 1310 1548 1394; baseline 0.002 -19"><span class='ocrx_word' id='word_1_26' title='bbox 176 1311 333 1375; x_wconf 78' lang='lat' dir='ltr'><strong>munibue.</strong></span> <span class='ocrx_word' id='word_1_27' title='bbox 375 1311 560 1376; x_wconf 73' lang='lat' dir='ltr'>Tenendum</span> <span class='ocrx_word' id='word_1_28' title='bbox 573 1319 606 1375; x_wconf 88' lang='lat' dir='ltr'><strong>et</strong></span> <span class='ocrx_word' id='word_1_29' title='bbox 619 1310 801 1374; x_wconf 58' lang='lat' dir='ltr'><strong>mudum</strong></span> <span class='ocrx_word' id='word_1_30' title='bbox 820 1317 924 1375; x_wconf 88' lang='lat' dir='ltr'><strong>totum</strong></span> <span class='ocrx_word' id='word_1_31' title='bbox 943 1310 1119 1393; x_wconf 84' lang='lat' dir='ltr'><strong>prediutum</strong></span> <span class='ocrx_word' id='word_1_32' title='bbox 1138 1331 1287 1376; x_wconf 73' lang='lat' dir='ltr'><strong>maneum</strong></span> <span class='ocrx_word' id='word_1_33' title='bbox 1306 1331 1380 1376; x_wconf 86' lang='lat' dir='ltr'><strong>eum</strong></span> <span class='ocrx_word' id='word_1_34' title='bbox 1398 1313 1548 1394; x_wconf 70' lang='lat' dir='ltr'><strong>predictis</strong></span> 
     </span>
     <span class='ocr_line' id='line_1_5' title="bbox 176 1441 1547 1526; baseline 0.001 -21"><span class='ocrx_word' id='word_1_35' title='bbox 176 1441 301 1506; x_wconf 78' lang='lat' dir='ltr'><strong>imbus</strong></span> <span class='ocrx_word' id='word_1_36' title='bbox 321 1442 403 1506; x_wconf 86' lang='lat' dir='ltr'><strong>seris</strong></span> <span class='ocrx_word' id='word_1_37' title='bbox 425 1449 459 1506; x_wconf 86' lang='lat' dir='ltr'><strong>et</strong></span> <span class='ocrx_word' id='word_1_38' title='bbox 478 1442 545 1507; x_wconf 89' lang='lat' dir='ltr'><strong>suis</strong></span> <span class='ocrx_word' id='word_1_39' title='bbox 565 1441 764 1524; x_wconf 86' lang='lat' dir='ltr'><strong>pertinentiis</strong></span> <span class='ocrx_word' id='word_1_40' title='bbox 794 1442 880 1506; x_wconf 84' lang='lat' dir='ltr'><strong>dieto</strong></span> <span class='ocrx_word' id='word_1_41' title='bbox 909 1443 1035 1508; x_wconf 80' lang='lat' dir='ltr'><strong>Mmosr</strong></span> <span class='ocrx_word' id='word_1_42' title='bbox 1054 1448 1087 1508; x_wconf 87' lang='lat' dir='ltr'><strong>et</strong></span> <span class='ocrx_word' id='word_1_43' title='bbox 1106 1441 1273 1506; x_wconf 82' lang='lat' dir='ltr'><strong>heredibus</strong></span> <span class='ocrx_word' id='word_1_44' title='bbox 1293 1443 1360 1507; x_wconf 87' lang='lat' dir='ltr'><strong>suis</strong></span> <span class='ocrx_word' id='word_1_45' title='bbox 1380 1444 1430 1508; x_wconf 84' lang='lat' dir='ltr'><strong>vel</strong></span> <span class='ocrx_word' id='word_1_46' title='bbox 1450 1445 1547 1526; x_wconf 77' lang='lat' dir='ltr'><strong>essig-</strong></span> 
     </span>
     <span class='ocr_line' id='line_1_6' title="bbox 176 1571 1549 1656; baseline 0.001 -20"><span class='ocrx_word' id='word_1_47' title='bbox 176 1571 262 1636; x_wconf 81' lang='lat' dir='ltr'><strong>nstis</strong></span> <span class='ocrx_word' id='word_1_48' title='bbox 272 1571 339 1634; x_wconf 90' lang='lat' dir='ltr'><strong>suis</strong></span> <span class='ocrx_word' id='word_1_49' title='bbox 348 1571 445 1636; x_wconf 85' lang='lat' dir='ltr'><strong>libere</strong></span> <span class='ocrx_word' id='word_1_50' title='bbox 458 1572 563 1654; x_wconf 86' lang='lat' dir='ltr'><strong>quiete</strong></span> <span class='ocrx_word' id='word_1_51' title='bbox 576 1571 706 1653; x_wconf 84' lang='lat' dir='ltr'><strong>peeitiee</strong></span> <span class='ocrx_word' id='word_1_52' title='bbox 719 1572 840 1653; x_wconf 81' lang='lat' dir='ltr'><strong>integre</strong></span> <span class='ocrx_word' id='word_1_53' title='bbox 853 1572 922 1653; x_wconf 82' lang='lat' dir='ltr'><strong>iure</strong></span> <span class='ocrx_word' id='word_1_54' title='bbox 935 1571 1124 1636; x_wconf 83' lang='lat' dir='ltr'><strong>hereditnrio</strong></span> <span class='ocrx_word' id='word_1_55' title='bbox 1137 1571 1207 1636; x_wconf 89' lang='lat' dir='ltr'><strong>sine</strong></span> <span class='ocrx_word' id='word_1_56' title='bbox 1215 1572 1321 1656; x_wconf 86' lang='lat' dir='ltr'><strong>sliquo</strong></span> <span class='ocrx_word' id='word_1_57' title='bbox 1338 1573 1549 1638; x_wconf 72' lang='lat' dir='ltr'><strong>retinemento</strong></span> 
     </span>
     <span class='ocr_line' id='line_1_7' title="bbox 179 1699 1551 1784; baseline 0.002 -20"><span class='ocrx_word' id='word_1_58' title='bbox 179 1703 243 1766; x_wconf 90' lang='lat' dir='ltr'><strong>mei</strong></span> <span class='ocrx_word' id='word_1_59' title='bbox 261 1703 313 1766; x_wconf 85' lang='lat' dir='ltr'><strong>vel</strong></span> <span class='ocrx_word' id='word_1_60' title='bbox 333 1721 475 1783; x_wconf 81' lang='lat' dir='ltr'><strong>meorum</strong></span> <span class='ocrx_word' id='word_1_61' title='bbox 495 1702 725 1784; x_wconf 73' lang='lat' dir='ltr'><strong>inperpetuum.</strong></span> <span class='ocrx_word' id='word_1_62' title='bbox 767 1699 939 1766; x_wconf 85' lang='lat' dir='ltr'><strong>Reddendo</strong></span> <span class='ocrx_word' id='word_1_63' title='bbox 958 1701 1033 1765; x_wconf 87' lang='lat' dir='ltr'><strong>inde</strong></span> <span class='ocrx_word' id='word_1_64' title='bbox 1058 1699 1225 1766; x_wconf 78' lang='lat' dir='ltr'><strong>ennuetim</strong></span> <span class='ocrx_word' id='word_1_65' title='bbox 1254 1702 1384 1766; x_wconf 88' lang='lat' dir='ltr'><strong>domino</strong></span> <span class='ocrx_word' id='word_1_66' title='bbox 1414 1703 1498 1768; x_wconf 87' lang='lat' dir='ltr'><strong>teudi</strong></span> <span class='ocrx_word' id='word_1_67' title='bbox 1517 1704 1551 1767; x_wconf 91' lang='lat' dir='ltr'><strong>in</strong></span> 
     </span>
     <span class='ocr_line' id='line_1_8' title="bbox 178 1817 1551 1915; baseline 0.001 -19"><span class='ocrx_word' id='word_1_68' title='bbox 178 1833 338 1896; x_wconf 72' lang='lat' dir='ltr'><strong>Lmeoes</strong></span> <span class='ocrx_word' id='word_1_69' title='bbox 368 1839 504 1915; x_wconf 78' lang='lat' dir='ltr'><strong>quatuor</strong></span> <span class='ocrx_word' id='word_1_70' title='bbox 531 1831 678 1896; x_wconf 81' lang='lat' dir='ltr'><strong>dennrioe</strong></span> <span class='ocrx_word' id='word_1_71' title='bbox 705 1831 828 1912; x_wconf 77' lang='lat' dir='ltr'><strong>urgenti</strong></span> <span class='ocrx_word' id='word_1_72' title='bbox 856 1830 897 1895; x_wconf 83' lang='lat' dir='ltr'><strong>ed</strong></span> <span class='ocrx_word' id='word_1_73' title='bbox 927 1817 1018 1894; x_wconf 86' lang='lat' dir='ltr'><strong>duos</strong></span> <span class='ocrx_word' id='word_1_74' title='bbox 1034 1831 1112 1896; x_wconf 86' lang='lat' dir='ltr'><strong>enni</strong></span> <span class='ocrx_word' id='word_1_75' title='bbox 1145 1831 1298 1896; x_wconf 83' lang='lat' dir='ltr'><strong>terminos</strong></span> <span class='ocrx_word' id='word_1_76' title='bbox 1330 1831 1476 1897; x_wconf 83' lang='lat' dir='ltr'><strong>videlieet</strong></span> <span class='ocrx_word' id='word_1_77' title='bbox 1510 1833 1551 1898; x_wconf 83' lang='lat' dir='ltr'><strong>ed</strong></span> 
     </span>
     <span class='ocr_line' id='line_1_9' title="bbox 175 1960 1550 2043; baseline -0.001 -15"><span class='ocrx_word' id='word_1_78' title='bbox 175 1964 375 2028; x_wconf 65' lang='lat' dir='ltr'><strong>univitetem</strong></span> <span class='ocrx_word' id='word_1_79' title='bbox 387 1962 474 2028; x_wconf 79' lang='lat' dir='ltr'><strong>beeti</strong></span> <span class='ocrx_word' id='word_1_80' title='bbox 485 1962 506 2027; x_wconf 86' lang='lat' dir='ltr'><strong>J</strong></span> <span class='ocrx_word' id='word_1_81' title='bbox 507 1979 646 2026; x_wconf 74' lang='lat' dir='ltr'><strong>omisere</strong></span> <span class='ocrx_word' id='word_1_82' title='bbox 659 1961 797 2043; x_wconf 84' lang='lat' dir='ltr'><strong>beptiste</strong></span> <span class='ocrx_word' id='word_1_83' title='bbox 810 1961 832 2042; x_wconf 84' lang='lat' dir='ltr'><strong>ij</strong></span> <span class='ocrx_word' id='word_1_84' title='bbox 847 1961 993 2026; x_wconf 81' lang='lat' dir='ltr'><strong>dener-ios</strong></span> <span class='ocrx_word' id='word_1_85' title='bbox 1007 1967 1040 2026; x_wconf 93' lang='lat' dir='ltr'><strong>et</strong></span> <span class='ocrx_word' id='word_1_86' title='bbox 1054 1960 1095 2025; x_wconf 82' lang='lat' dir='ltr'><strong>ed</strong></span> <span class='ocrx_word' id='word_1_87' title='bbox 1107 1961 1224 2026; x_wconf 86' lang='lat' dir='ltr'><strong>iestnm</strong></span> <span class='ocrx_word' id='word_1_88' title='bbox 1244 1961 1348 2026; x_wconf 85' lang='lat' dir='ltr'><strong>seneti</strong></span> <span class='ocrx_word' id='word_1_89' title='bbox 1360 1961 1550 2028; x_wconf 78' lang='lat' dir='ltr'><strong>Mrunsnnrs</strong></span> 
     </span>
     <span class='ocr_line' id='line_1_10' title="bbox 176 2090 1550 2174; baseline 0.002 -18"><span class='ocrx_word' id='word_1_90' title='bbox 176 2093 199 2174; x_wconf 83' lang='lat' dir='ltr'><strong>ii</strong></span> <span class='ocrx_word' id='word_1_91' title='bbox 213 2093 360 2156; x_wconf 75' lang='lat' dir='ltr'><strong>tenerius</strong></span> <span class='ocrx_word' id='word_1_92' title='bbox 372 2111 429 2174; x_wconf 85' lang='lat' dir='ltr'><strong>pro</strong></span> <span class='ocrx_word' id='word_1_93' title='bbox 450 2090 595 2156; x_wconf 88' lang='lat' dir='ltr'><strong>omnibus</strong></span> <span class='ocrx_word' id='word_1_94' title='bbox 609 2091 746 2154; x_wconf 74' lang='lat' dir='ltr'><strong>serviciis</strong></span> <span class='ocrx_word' id='word_1_95' title='bbox 766 2090 1046 2155; x_wconf 70' lang='lat' dir='ltr'><strong>eonsuetudimtue</strong></span> <span class='ocrx_word' id='word_1_96' title='bbox 1066 2090 1200 2173; x_wconf 87' lang='lat' dir='ltr'><strong>querelis</strong></span> <span class='ocrx_word' id='word_1_97' title='bbox 1212 2090 1298 2156; x_wconf 75' lang='lat' dir='ltr'><strong>curie</strong></span> <span class='ocrx_word' id='word_1_98' title='bbox 1312 2092 1407 2156; x_wconf 88' lang='lat' dir='ltr'><strong>seetis</strong></span> <span class='ocrx_word' id='word_1_99' title='bbox 1426 2093 1550 2159; x_wconf 83' lang='lat' dir='ltr'><strong>releviis</strong></span> 
     </span>
     <span class='ocr_line' id='line_1_11' title="bbox 177 2221 1551 2306; baseline 0 -17"><span class='ocrx_word' id='word_1_100' title='bbox 177 2225 290 2289; x_wconf 82' lang='lat' dir='ltr'><strong>werdis</strong></span> <span class='ocrx_word' id='word_1_101' title='bbox 310 2223 440 2288; x_wconf 87' lang='lat' dir='ltr'><strong>herietis</strong></span> <span class='ocrx_word' id='word_1_102' title='bbox 460 2223 594 2288; x_wconf 81' lang='lat' dir='ltr'><strong>eseeetis</strong></span> <span class='ocrx_word' id='word_1_103' title='bbox 608 2228 641 2287; x_wconf 92' lang='lat' dir='ltr'><strong>et</strong></span> <span class='ocrx_word' id='word_1_104' title='bbox 654 2223 801 2286; x_wconf 89' lang='lat' dir='ltr'><strong>omuibus</strong></span> <span class='ocrx_word' id='word_1_105' title='bbox 814 2221 885 2286; x_wconf 81' lang='lat' dir='ltr'><strong>eliis</strong></span> <span class='ocrx_word' id='word_1_106' title='bbox 906 2222 1099 2287; x_wconf 67' lang='lat' dir='ltr'><strong>momentus</strong></span> <span class='ocrx_word' id='word_1_107' title='bbox 1118 2222 1285 2288; x_wconf 71' lang='lat' dir='ltr'><strong>demendis</strong></span> <span class='ocrx_word' id='word_1_108' title='bbox 1304 2241 1366 2306; x_wconf 90' lang='lat' dir='ltr'><strong>que</strong></span> <span class='ocrx_word' id='word_1_109' title='bbox 1385 2241 1444 2306; x_wconf 88' lang='lat' dir='ltr'><strong>pro</strong></span> <span class='ocrx_word' id='word_1_110' title='bbox 1464 2225 1551 2290; x_wconf 81' lang='lat' dir='ltr'><strong>terre</strong></span> 
     </span>
     <span class='ocr_line' id='line_1_12' title="bbox 173 2351 1546 2437; baseline 0.001 -19"><span class='ocrx_word' id='word_1_111' title='bbox 173 2355 341 2437; x_wconf 73' lang='lat' dir='ltr'><strong>exiguntur</strong></span> <span class='ocrx_word' id='word_1_112' title='bbox 365 2354 416 2418; x_wconf 84' lang='lat' dir='ltr'><strong>vel</strong></span> <span class='ocrx_word' id='word_1_113' title='bbox 436 2353 518 2436; x_wconf 78' lang='lat' dir='ltr'><strong>exigi</strong></span> <span class='ocrx_word' id='word_1_114' title='bbox 537 2359 696 2434; x_wconf 89' lang='lat' dir='ltr'><strong>poterunt.</strong></span> <span class='ocrx_word' id='word_1_115' title='bbox 737 2353 782 2416; x_wconf 85' lang='lat' dir='ltr'><strong>lit</strong></span> <span class='ocrx_word' id='word_1_116' title='bbox 812 2370 871 2434; x_wconf 77' lang='lat' dir='ltr'><strong>ego</strong></span> <span class='ocrx_word' id='word_1_117' title='bbox 890 2351 1060 2435; x_wconf 64' lang='lat' dir='ltr'><strong>{predictus</strong></span> <span class='ocrx_word' id='word_1_118' title='bbox 1086 2351 1261 2420; x_wconf 73' lang='lat' dir='ltr'><strong>Hemone</strong></span> <span class='ocrx_word' id='word_1_119' title='bbox 1281 2360 1314 2419; x_wconf 91' lang='lat' dir='ltr'><strong>et</strong></span> <span class='ocrx_word' id='word_1_120' title='bbox 1334 2354 1467 2420; x_wconf 87' lang='lat' dir='ltr'><strong>heredes</strong></span> <span class='ocrx_word' id='word_1_121' title='bbox 1495 2356 1546 2420; x_wconf 82' lang='lat' dir='ltr'><strong>vel</strong></span> 
     </span>
     <span class='ocr_line' id='line_1_13' title="bbox 178 2475 1628 2568; baseline 0.001 -19"><span class='ocrx_word' id='word_1_122' title='bbox 178 2485 329 2568; x_wconf 72' lang='lat' dir='ltr'><strong>ssngneti</strong></span> <span class='ocrx_word' id='word_1_123' title='bbox 357 2483 453 2566; x_wconf 89' lang='lat' dir='ltr'><strong>[mei]</strong></span> <span class='ocrx_word' id='word_1_124' title='bbox 481 2483 567 2548; x_wconf 83' lang='lat' dir='ltr'><strong>dieto</strong></span> <span class='ocrx_word' id='word_1_125' title='bbox 594 2483 720 2548; x_wconf 80' lang='lat' dir='ltr'><strong>Mmom</strong></span> <span class='ocrx_word' id='word_1_126' title='bbox 740 2489 773 2546; x_wconf 88' lang='lat' dir='ltr'><strong>et</strong></span> <span class='ocrx_word' id='word_1_127' title='bbox 793 2481 961 2547; x_wconf 86' lang='lat' dir='ltr'><strong>heredibus</strong></span> <span class='ocrx_word' id='word_1_128' title='bbox 988 2483 1055 2546; x_wconf 87' lang='lat' dir='ltr'><strong>suis</strong></span> <span class='ocrx_word' id='word_1_129' title='bbox 1074 2483 1125 2548; x_wconf 84' lang='lat' dir='ltr'><strong>vel</strong></span> <span class='ocrx_word' id='word_1_130' title='bbox 1150 2483 1319 2566; x_wconf 80' lang='lat' dir='ltr'><strong>essignetis</strong></span> <span class='ocrx_word' id='word_1_131' title='bbox 1350 2485 1416 2550; x_wconf 89' lang='lat' dir='ltr'><strong>suis</strong></span> <span class='ocrx_word' id='word_1_132' title='bbox 1444 2490 1548 2550; x_wconf 90' lang='lat' dir='ltr'><strong>tutum</strong></span> <span class='ocrx_word' id='word_1_133' title='bbox 1622 2475 1628 2487; x_wconf 83' lang='grc'>’</span> 
     </span>
     <span class='ocr_line' id='line_1_14' title="bbox 177 2613 1549 2702; baseline -0.001 -20"><span class='ocrx_word' id='word_1_134' title='bbox 177 2619 351 2702; x_wconf 71' lang='lat' dir='ltr'><strong>predictum</strong></span> <span class='ocrx_word' id='word_1_135' title='bbox 370 2634 518 2680; x_wconf 80' lang='lat' dir='ltr'><strong>mensum</strong></span> <span class='ocrx_word' id='word_1_136' title='bbox 530 2622 563 2679; x_wconf 90' lang='lat' dir='ltr'><strong>et</strong></span> <span class='ocrx_word' id='word_1_137' title='bbox 577 2620 680 2679; x_wconf 88' lang='lat' dir='ltr'><strong>totem</strong></span> <span class='ocrx_word' id='word_1_138' title='bbox 692 2613 868 2697; x_wconf 81' lang='lat' dir='ltr'><strong>predictum</strong></span> <span class='ocrx_word' id='word_1_139' title='bbox 880 2619 999 2679; x_wconf 85' lang='lat' dir='ltr'><strong>terrem</strong></span> <span class='ocrx_word' id='word_1_140' title='bbox 1012 2633 1085 2678; x_wconf 86' lang='lat' dir='ltr'><strong>eum</strong></span> <span class='ocrx_word' id='word_1_141' title='bbox 1098 2615 1245 2680; x_wconf 84' lang='lat' dir='ltr'><strong>omuibus</strong></span> <span class='ocrx_word' id='word_1_142' title='bbox 1263 2616 1329 2680; x_wconf 89' lang='lat' dir='ltr'><strong>suis</strong></span> <span class='ocrx_word' id='word_1_143' title='bbox 1349 2615 1549 2698; x_wconf 83' lang='lat' dir='ltr'><strong>pertinentiis</strong></span> 
     </span>
     <span class='ocr_line' id='line_1_15' title="bbox 177 2743 1547 2832; baseline 0 -21"><span class='ocrx_word' id='word_1_144' title='bbox 177 2769 232 2832; x_wconf 86' lang='lat' dir='ltr'><strong>pro</strong></span> <span class='ocrx_word' id='word_1_145' title='bbox 260 2747 401 2830; x_wconf 77' lang='lat' dir='ltr'><strong>predicto</strong></span> <span class='ocrx_word' id='word_1_146' title='bbox 431 2745 557 2810; x_wconf 85' lang='lat' dir='ltr'><strong>redditu</strong></span> <span class='ocrx_word' id='word_1_147' title='bbox 585 2751 697 2809; x_wconf 82' lang='lat' dir='ltr'><strong>uentre</strong></span> <span class='ocrx_word' id='word_1_148' title='bbox 730 2762 841 2809; x_wconf 89' lang='lat' dir='ltr'><strong>omnes</strong></span> <span class='ocrx_word' id='word_1_149' title='bbox 870 2743 1015 2809; x_wconf 86' lang='lat' dir='ltr'><strong>homines</strong></span> <span class='ocrx_word' id='word_1_150' title='bbox 1045 2749 1078 2808; x_wconf 92' lang='lat' dir='ltr'><strong>et</strong></span> <span class='ocrx_word' id='word_1_151' title='bbox 1106 2744 1241 2810; x_wconf 79' lang='lat' dir='ltr'><strong>ieminus</strong></span> <span class='ocrx_word' id='word_1_152' title='bbox 1271 2745 1547 2811; x_wconf 83' lang='lat' dir='ltr'><strong>wereutinnbimue</strong></span> 
     </span>
    </p>
   </div>
   <div class='ocr_carea' id='block_1_3' title="bbox 177 2873 1546 2963">
    <p class='ocr_par' dir='ltr' id='par_1_3' title="bbox 177 2873 1546 2963">
     <span class='ocr_line' id='line_1_16' title="bbox 177 2873 1546 2963; baseline -0.003 -19"><span class='ocrx_word' id='word_1_153' title='bbox 177 2878 424 2963; x_wconf 81' lang='lat' dir='ltr'><strong>eequietsbimus</strong></span> <span class='ocrx_word' id='word_1_154' title='bbox 443 2883 476 2940; x_wconf 89' lang='lat' dir='ltr'><strong>et</strong></span> <span class='ocrx_word' id='word_1_155' title='bbox 496 2875 529 2938; x_wconf 92' lang='lat' dir='ltr'><strong>in</strong></span> <span class='ocrx_word' id='word_1_156' title='bbox 549 2881 736 2958; x_wconf 88' lang='lat' dir='ltr'><strong>perpetuum</strong></span> <span class='ocrx_word' id='word_1_157' title='bbox 754 2873 970 2940; x_wconf 83' lang='lat' dir='ltr'><strong>deiendemue.</strong></span> <span class='ocrx_word' id='word_1_158' title='bbox 1012 2877 1056 2938; x_wconf 76' lang='lat' dir='ltr'><strong>Et</strong></span> <span class='ocrx_word' id='word_1_159' title='bbox 1075 2881 1112 2939; x_wconf 86' lang='lat' dir='ltr'><strong>ut</strong></span> <span class='ocrx_word' id='word_1_160' title='bbox 1132 2874 1191 2940; x_wconf 85' lang='lat' dir='ltr'><strong>hee</strong></span> <span class='ocrx_word' id='word_1_161' title='bbox 1221 2894 1293 2938; x_wconf 85' lang='lat' dir='ltr'><strong>mes</strong></span> <span class='ocrx_word' id='word_1_162' title='bbox 1320 2875 1451 2940; x_wconf 76' lang='lat' dir='ltr'><strong>donatio</strong></span> <span class='ocrx_word' id='word_1_163' title='bbox 1471 2895 1546 2940; x_wconf 84' lang='lat' dir='ltr'><strong>eun·</strong></span> 
     </span>
    </p>
   </div>
   <div class='ocr_carea' id='block_1_4' title="bbox 173 3005 1547 3596">
    <p class='ocr_par' dir='ltr' id='par_1_4' title="bbox 173 3005 1547 3596">
     <span class='ocr_line' id='line_1_17' title="bbox 175 3005 1547 3090; baseline -0.004 -14"><span class='ocrx_word' id='word_1_164' title='bbox 175 3010 275 3076; x_wconf 81' lang='lat' dir='ltr'><strong>eeesio</strong></span> <span class='ocrx_word' id='word_1_165' title='bbox 295 3017 328 3073; x_wconf 90' lang='lat' dir='ltr'><strong>et</strong></span> <span class='ocrx_word' id='word_1_166' title='bbox 347 3006 503 3090; x_wconf 70' lang='lat' dir='ltr'><strong>presentie</strong></span> <span class='ocrx_word' id='word_1_167' title='bbox 522 3013 610 3070; x_wconf 85' lang='lat' dir='ltr'><strong>uerte</strong></span> <span class='ocrx_word' id='word_1_168' title='bbox 629 3025 700 3070; x_wconf 91' lang='lat' dir='ltr'><strong>mee</strong></span> <span class='ocrx_word' id='word_1_169' title='bbox 718 3005 918 3071; x_wconf 83' lang='lat' dir='ltr'><strong>eontirmstio</strong></span> <span class='ocrx_word' id='word_1_170' title='bbox 937 3013 1006 3070; x_wconf 83' lang='lat' dir='ltr'><strong>rute</strong></span> <span class='ocrx_word' id='word_1_171' title='bbox 1027 3013 1060 3070; x_wconf 90' lang='lat' dir='ltr'><strong>et</strong></span> <span class='ocrx_word' id='word_1_172' title='bbox 1079 3005 1210 3070; x_wconf 81' lang='lat' dir='ltr'><strong>etebiles</strong></span> <span class='ocrx_word' id='word_1_173' title='bbox 1229 3013 1437 3088; x_wconf 73' lang='lat' dir='ltr'><strong>permaneant</strong></span> <span class='ocrx_word' id='word_1_174' title='bbox 1457 3013 1490 3070; x_wconf 90' lang='lat' dir='ltr'><strong>et</strong></span> <span class='ocrx_word' id='word_1_175' title='bbox 1505 3007 1547 3072; x_wconf 81' lang='lat' dir='ltr'><strong>sd</strong></span> 
     </span>
     <span class='ocr_line' id='line_1_18' title="bbox 174 3117 1545 3224; baseline -0.001 -20"><span class='ocrx_word' id='word_1_176' title='bbox 174 3144 326 3224; x_wconf 69' lang='lat' dir='ltr'><strong>meierem</strong></span> <span class='ocrx_word' id='word_1_177' title='bbox 346 3136 550 3202; x_wconf 75' lang='lat' dir='ltr'><strong>securitatem</strong></span> <span class='ocrx_word' id='word_1_178' title='bbox 569 3117 746 3200; x_wconf 71' lang='lat' dir='ltr'><strong>ieeiendem</strong></span> <span class='ocrx_word' id='word_1_179' title='bbox 765 3133 849 3198; x_wconf 84' lang='lat' dir='ltr'><strong>hene</strong></span> <span class='ocrx_word' id='word_1_180' title='bbox 875 3141 1057 3216; x_wconf 76' lang='lat' dir='ltr'><strong>presentem</strong></span> <span class='ocrx_word' id='word_1_181' title='bbox 1076 3141 1199 3200; x_wconf 82' lang='lat' dir='ltr'><strong>unrtem</strong></span> <span class='ocrx_word' id='word_1_182' title='bbox 1219 3135 1312 3217; x_wconf 77' lang='lat' dir='ltr'><strong>sigilii</strong></span> <span class='ocrx_word' id='word_1_183' title='bbox 1340 3136 1545 3220; x_wconf 88' lang='lat' dir='ltr'><strong>impressione</strong></span> 
     </span>
     <span class='ocr_line' id='line_1_19' title="bbox 173 3263 1546 3335; baseline 0 0"><span class='ocrx_word' id='word_1_184' title='bbox 173 3269 317 3335; x_wconf 76' lang='lat' dir='ltr'><strong>roboravi</strong></span> <span class='ocrx_word' id='word_1_185' title='bbox 343 3277 376 3332; x_wconf 89' lang='lat' dir='ltr'><strong>et</strong></span> <span class='ocrx_word' id='word_1_186' title='bbox 404 3265 596 3330; x_wconf 83' lang='lat' dir='ltr'><strong>eoniirmevi.</strong></span> <span class='ocrx_word' id='word_1_187' title='bbox 638 3263 712 3328; x_wconf 86' lang='lat' dir='ltr'><strong>Hiis</strong></span> <span class='ocrx_word' id='word_1_188' title='bbox 740 3263 875 3328; x_wconf 88' lang='lat' dir='ltr'><strong>testibus</strong></span> <span class='ocrx_word' id='word_1_189' title='bbox 900 3263 1028 3328; x_wconf 87' lang='lat' dir='ltr'><strong>domino</strong></span> <span class='ocrx_word' id='word_1_190' title='bbox 1060 3265 1226 3329; x_wconf 69' lang='lat' dir='ltr'><strong>winerio</strong></span> <span class='ocrx_word' id='word_1_191' title='bbox 1255 3271 1333 3329; x_wconf 88' lang='lat' dir='ltr'><strong>tune</strong></span> <span class='ocrx_word' id='word_1_192' title='bbox 1360 3265 1477 3332; x_wconf 66' lang='lat' dir='ltr'><strong>moene</strong></span> <span class='ocrx_word' id='word_1_193' title='bbox 1505 3270 1546 3335; x_wconf 84' lang='lat' dir='ltr'><strong>de</strong></span> 
     </span>
     <span class='ocr_line' id='line_1_20' title="bbox 174 3393 1543 3466; baseline -0.001 -5"><span class='ocrx_word' id='word_1_194' title='bbox 174 3399 331 3464; x_wconf 73' lang='lat' dir='ltr'><strong>Inssneen</strong></span> <span class='ocrx_word' id='word_1_195' title='bbox 370 3396 539 3461; x_wconf 79' lang='lat' dir='ltr'><strong>Wsurnno</strong></span> <span class='ocrx_word' id='word_1_196' title='bbox 568 3394 608 3458; x_wconf 84' lang='lat' dir='ltr'><strong>(ie</strong></span> <span class='ocrx_word' id='word_1_197' title='bbox 638 3395 748 3460; x_wconf 70' lang='lat' dir='ltr'><strong>neem</strong></span> <span class='ocrx_word' id='word_1_198' title='bbox 796 3393 964 3460; x_wconf 75' lang='lat' dir='ltr'><strong>wnmo</strong></span> <span class='ocrx_word' id='word_1_199' title='bbox 983 3394 1024 3459; x_wconf 85' lang='lat' dir='ltr'><strong>(ie</strong></span> <span class='ocrx_word' id='word_1_200' title='bbox 1044 3394 1155 3460; x_wconf 75' lang='lat' dir='ltr'><strong>(iussn</strong></span> <span class='ocrx_word' id='word_1_201' title='bbox 1195 3395 1353 3460; x_wconf 73' lang='lat' dir='ltr'><strong>Pmneo</strong></span> <span class='ocrx_word' id='word_1_202' title='bbox 1381 3397 1543 3466; x_wconf 63' lang='grc' dir='ltr'><strong>Τεῦκροι)</strong></span> 
     </span>
     <span class='ocr_line' id='line_1_21' title="bbox 174 3525 1471 3596; baseline 0.002 -2"><span class='ocrx_word' id='word_1_203' title='bbox 174 3531 291 3595; x_wconf 73' lang='lat' dir='ltr'><strong>Tenue</strong></span> <span class='ocrx_word' id='word_1_204' title='bbox 310 3531 471 3594; x_wconf 72' lang='lat' dir='ltr'><strong>Tsuneon</strong></span> <span class='ocrx_word' id='word_1_205' title='bbox 493 3529 692 3592; x_wconf 71' lang='lat' dir='ltr'><strong>Amnem</strong></span> <span class='ocrx_word' id='word_1_206' title='bbox 711 3525 777 3590; x_wconf 85' lang='lat' dir='ltr'><strong>filio</strong></span> <span class='ocrx_word' id='word_1_207' title='bbox 798 3525 958 3590; x_wconf 79' lang='lat' dir='ltr'><strong>Mnemon</strong></span> <span class='ocrx_word' id='word_1_208' title='bbox 999 3525 1186 3590; x_wconf 74' lang='lat' dir='ltr'><strong>wmnno</strong></span> <span class='ocrx_word' id='word_1_209' title='bbox 1205 3525 1317 3592; x_wconf 76' lang='lat' dir='ltr'><strong>Perre</strong></span> <span class='ocrx_word' id='word_1_210' title='bbox 1337 3534 1370 3593; x_wconf 92' lang='lat' dir='ltr'><strong>et</strong></span> <span class='ocrx_word' id='word_1_211' title='bbox 1390 3529 1471 3596; x_wconf 79' lang='lat' dir='ltr'><strong>eliis.</strong></span> 
     </span>
    </p>
   </div>
   <div class='ocr_carea' id='block_1_5' title="bbox 172 3901 1544 4792">
    <p class='ocr_par' dir='ltr' id='par_1_5' title="bbox 212 3901 1500 4249">
     <span class='ocr_line' id='line_1_22' title="bbox 786 3901 1233 3996; baseline -0.004 -28"><span class='ocrx_word' id='word_1_212' title='bbox 786 3901 929 3970; x_wconf 72' lang='lat' dir='ltr'>CXCIV.</span> <span class='ocrx_word' id='word_1_213' title='bbox 1225 3967 1233 3996; x_wconf 35' lang='lat'>⁸</span> 
     </span>
     <span class='ocr_line' id='line_1_23' title="bbox 212 4032 1500 4102; baseline -0.003 0"><span class='ocrx_word' id='word_1_214' title='bbox 212 4035 349 4102; x_wconf 78' lang='grc' dir='ltr'><strong>ΟΛΒΤΑ</strong></span> <span class='ocrx_word' id='word_1_215' title='bbox 369 4033 590 4102; x_wconf 66' lang='lat' dir='ltr'><strong>sometime</strong></span> <span class='ocrx_word' id='word_1_216' title='bbox 610 4033 695 4099; x_wconf 77' lang='lat' dir='ltr'><strong>m:</strong></span> <span class='ocrx_word' id='word_1_217' title='bbox 716 4033 765 4098; x_wconf 85' lang='lat' dir='ltr'><strong>H:</strong></span> <span class='ocrx_word' id='word_1_218' title='bbox 788 4033 848 4098; x_wconf 74' lang='lat' dir='ltr'><strong>DE</strong></span> <span class='ocrx_word' id='word_1_219' title='bbox 870 4032 1035 4098; x_wconf 81' lang='lat' dir='ltr'>ANGLIA</span> <span class='ocrx_word' id='word_1_220' title='bbox 1056 4033 1220 4100; x_wconf 79' lang='lat' dir='ltr'>MILONI</span> <span class='ocrx_word' id='word_1_221' title='bbox 1239 4033 1298 4097; x_wconf 81' lang='lat' dir='ltr'><strong>Du</strong></span> <span class='ocrx_word' id='word_1_222' title='bbox 1319 4033 1500 4098; x_wconf 75' lang='lat' dir='ltr'><strong>eurem.</strong></span> 
     </span>
     <span class='ocr_line' id='line_1_24' title="bbox 642 4163 1081 4249; baseline -0.011 -18"><span class='ocrx_word' id='word_1_223' title='bbox 642 4167 747 4249; x_wconf 78' lang='lat' dir='ltr'><strong>[Annz</strong></span> <span class='ocrx_word' id='word_1_224' title='bbox 770 4165 897 4231; x_wconf 68' lang='lat' dir='ltr'><strong>Ossan:</strong></span> <span class='ocrx_word' id='word_1_225' title='bbox 919 4165 970 4229; x_wconf 73' lang='lat'><strong>24.</strong></span> <span class='ocrx_word' id='word_1_226' title='bbox 991 4163 1081 4244; x_wconf 66' lang='lat'><strong>282]</strong></span> 
     </span>
    </p>

    <p class='ocr_par' dir='ltr' id='par_1_6' title="bbox 172 4293 1544 4792">
     <span class='ocr_line' id='line_1_25' title="bbox 212 4293 1542 4381; baseline -0.003 -17"><span class='ocrx_word' id='word_1_227' title='bbox 212 4299 321 4364; x_wconf 81' lang='lat' dir='ltr'><strong>Seient</strong></span> <span class='ocrx_word' id='word_1_228' title='bbox 341 4305 504 4381; x_wconf 83' lang='lat' dir='ltr'><strong>presentes</strong></span> <span class='ocrx_word' id='word_1_229' title='bbox 524 4303 557 4362; x_wconf 92' lang='lat' dir='ltr'><strong>et</strong></span> <span class='ocrx_word' id='word_1_230' title='bbox 576 4296 675 4362; x_wconf 88' lang='lat' dir='ltr'><strong>tnturi</strong></span> <span class='ocrx_word' id='word_1_231' title='bbox 694 4295 778 4380; x_wconf 82' lang='lat' dir='ltr'><strong>quod</strong></span> <span class='ocrx_word' id='word_1_232' title='bbox 808 4314 866 4378; x_wconf 80' lang='lat' dir='ltr'><strong>ego</strong></span> <span class='ocrx_word' id='word_1_233' title='bbox 894 4295 1065 4360; x_wconf 69' lang='lat' dir='ltr'><strong>somnies</strong></span> <span class='ocrx_word' id='word_1_234' title='bbox 1085 4294 1169 4360; x_wconf 84' lang='lat' dir='ltr'><strong>filim</strong></span> <span class='ocrx_word' id='word_1_235' title='bbox 1188 4293 1335 4360; x_wconf 76' lang='lat' dir='ltr'><strong>Hermon</strong></span> <span class='ocrx_word' id='word_1_236' title='bbox 1355 4295 1395 4360; x_wconf 88' lang='lat' dir='ltr'><strong>de</strong></span> <span class='ocrx_word' id='word_1_237' title='bbox 1415 4295 1542 4361; x_wconf 79' lang='lat' dir='ltr'><strong>esem</strong></span> 
     </span>
     <span class='ocr_line' id='line_1_26' title="bbox 172 4423 1540 4512; baseline -0.001 -18"><span class='ocrx_word' id='word_1_238' title='bbox 172 4430 243 4494; x_wconf 82' lang='lat' dir='ltr'><strong>dedi</strong></span> <span class='ocrx_word' id='word_1_239' title='bbox 263 4431 405 4494; x_wconf 88' lang='lat' dir='ltr'><strong>eoneeesi</strong></span> <span class='ocrx_word' id='word_1_240' title='bbox 424 4435 458 4494; x_wconf 89' lang='lat' dir='ltr'><strong>et</strong></span> <span class='ocrx_word' id='word_1_241' title='bbox 477 4429 539 4493; x_wconf 87' lang='lat' dir='ltr'><strong>hee</strong></span> <span class='ocrx_word' id='word_1_242' title='bbox 558 4427 699 4512; x_wconf 78' lang='lat' dir='ltr'><strong>presenti</strong></span> <span class='ocrx_word' id='word_1_243' title='bbox 718 4431 809 4490; x_wconf 82' lang='lat' dir='ltr'><strong>uerte</strong></span> <span class='ocrx_word' id='word_1_244' title='bbox 827 4445 900 4491; x_wconf 86' lang='lat' dir='ltr'><strong>mee</strong></span> <span class='ocrx_word' id='word_1_245' title='bbox 918 4423 1102 4489; x_wconf 75' lang='lat' dir='ltr'><strong>confirmavi</strong></span> <span class='ocrx_word' id='word_1_246' title='bbox 1121 4430 1155 4490; x_wconf 91' lang='lat' dir='ltr'><strong>et</strong></span> <span class='ocrx_word' id='word_1_247' title='bbox 1174 4444 1232 4510; x_wconf 84' lang='lat' dir='ltr'><strong>pro</strong></span> <span class='ocrx_word' id='word_1_248' title='bbox 1251 4444 1302 4489; x_wconf 92' lang='lat' dir='ltr'><strong>me</strong></span> <span class='ocrx_word' id='word_1_249' title='bbox 1322 4432 1355 4490; x_wconf 93' lang='lat' dir='ltr'><strong>et</strong></span> <span class='ocrx_word' id='word_1_250' title='bbox 1375 4445 1433 4508; x_wconf 88' lang='lat' dir='ltr'><strong>pro</strong></span> <span class='ocrx_word' id='word_1_251' title='bbox 1452 4425 1540 4492; x_wconf 81' lang='lat' dir='ltr'><strong>here·</strong></span> 
     </span>
     <span class='ocr_line' id='line_1_27' title="bbox 172 4554 1543 4642; baseline -0.001 -16"><span class='ocrx_word' id='word_1_252' title='bbox 172 4561 262 4626; x_wconf 84' lang='lat' dir='ltr'><strong>dibus</strong></span> <span class='ocrx_word' id='word_1_253' title='bbox 274 4561 354 4625; x_wconf 89' lang='lat' dir='ltr'><strong>meis</strong></span> <span class='ocrx_word' id='word_1_254' title='bbox 367 4559 513 4624; x_wconf 68' lang='lat' dir='ltr'><strong>ommim</strong></span> <span class='ocrx_word' id='word_1_255' title='bbox 533 4558 676 4642; x_wconf 88' lang='lat' dir='ltr'><strong>quietum</strong></span> <span class='ocrx_word' id='word_1_256' title='bbox 695 4555 830 4620; x_wconf 78' lang='lat' dir='ltr'><strong>clemeri</strong></span> <span class='ocrx_word' id='word_1_257' title='bbox 851 4555 978 4620; x_wconf 78' lang='lat' dir='ltr'><strong>Mnnrn</strong></span> <span class='ocrx_word' id='word_1_258' title='bbox 990 4555 1031 4619; x_wconf 88' lang='lat' dir='ltr'><strong>de</strong></span> <span class='ocrx_word' id='word_1_259' title='bbox 1044 4555 1175 4619; x_wconf 74' lang='lat' dir='ltr'><strong>Rerum</strong></span> <span class='ocrx_word' id='word_1_260' title='bbox 1188 4561 1221 4621; x_wconf 87' lang='lat' dir='ltr'><strong>et</strong></span> <span class='ocrx_word' id='word_1_261' title='bbox 1234 4554 1401 4621; x_wconf 86' lang='lat' dir='ltr'><strong>heredibus</strong></span> <span class='ocrx_word' id='word_1_262' title='bbox 1414 4558 1480 4622; x_wconf 87' lang='lat' dir='ltr'><strong>suis</strong></span> <span class='ocrx_word' id='word_1_263' title='bbox 1493 4561 1543 4624; x_wconf 83' lang='lat' dir='ltr'><strong>vei</strong></span> 
     </span>
     <span class='ocr_line' id='line_1_28' title="bbox 173 4687 1544 4792; baseline -0.001 -37"><span class='ocrx_word' id='word_1_264' title='bbox 173 4689 340 4773; x_wconf 67' lang='lat' dir='ltr'><strong>assignetis</strong></span> <span class='ocrx_word' id='word_1_265' title='bbox 361 4690 427 4754; x_wconf 86' lang='lat' dir='ltr'><strong>suis</strong></span> <span class='ocrx_word' id='word_1_266' title='bbox 456 4695 560 4756; x_wconf 85' lang='lat' dir='ltr'><strong>tetum</strong></span> <span class='ocrx_word' id='word_1_267' title='bbox 580 4689 632 4771; x_wconf 82' lang='lat' dir='ltr'><strong>ius</strong></span> <span class='ocrx_word' id='word_1_268' title='bbox 651 4705 759 4754; x_wconf 88' lang='lat' dir='ltr'><strong>meum</strong></span> <span class='ocrx_word' id='word_1_269' title='bbox 778 4693 812 4754; x_wconf 91' lang='lat' dir='ltr'><strong>et</strong></span> <span class='ocrx_word' id='word_1_270' title='bbox 831 4687 987 4754; x_wconf 71' lang='lat' dir='ltr'><strong>plumeum</strong></span> <span class='ocrx_word' id='word_1_271' title='bbox 1018 4687 1101 4792; x_wconf 78' lang='lat' dir='ltr'><strong>qued</strong></span> <span class='ocrx_word' id='word_1_272' title='bbox 1120 4687 1219 4754; x_wconf 79' lang='lat' dir='ltr'><strong>hebui</strong></span> <span class='ocrx_word' id='word_1_273' title='bbox 1248 4688 1299 4754; x_wconf 82' lang='lat' dir='ltr'><strong>rel</strong></span> <span class='ocrx_word' id='word_1_274' title='bbox 1319 4689 1403 4772; x_wconf 79' lang='lat' dir='ltr'><strong>quoti</strong></span> <span class='ocrx_word' id='word_1_275' title='bbox 1428 4689 1544 4757; x_wconf 81' lang='lat' dir='ltr'><strong>hebere</strong></span> 
     </span>
    </p>
   </div>
   <div class='ocr_carea' id='block_1_6' title="bbox 0 0 1970 5498">
    <p class='ocr_par' dir='ltr' id='par_1_7' title="bbox 0 0 1970 5498">
     <span class='ocr_line' id='line_1_29' title="bbox 0 0 1970 5498; baseline 0 3"><span class='ocrx_word' id='word_1_276' title='bbox 0 0 1970 5498; x_wconf 95' lang='lat' dir='ltr'><strong> </strong></span> 
     </span>
    </p>
   </div>
  </div>
 </body>
</html>
