3956 5488
386 641 508 742 *m

438 975 511 1040 Hes
524 979 632 1040 entem
651 987 762 1040 omnes
774 973 964 1040 doneoiones
983 971 1247 1040 oonfirmsuioneu
1260 972 1483 1040 commotores
1494 977 1530 1038 et
1540 972 1774 1042 oouvsnoiunu

398 1108 539 1192 finimus
558 1115 668 1172 tenore
680 1107 878 1189 presencium
897 1125 956 1189 pro
974 1125 1025 1171 me
1046 1113 1079 1170 et
1098 1105 1272 1170 herodibne
1285 1106 1369 1171 mdo
1384 1107 1454 1172 sivo
1471 1106 1642 1190 esdgnsus
1660 1108 1771 1173 iisdem

399 1239 566 1304 nonnanis
585 1237 658 1303 dedi
676 1238 818 1302 oonoessi
832 1238 1060 1302 etoonfirmevi
1079 1237 1310 1319 inperpetuum.
1351 1238 1405 1304 Its
1433 1237 1528 1322 plone
1552 1239 1687 1322 predicti
1705 1257 1771 1304 rno-

398 1369 493 1433 neuhi
507 1370 647 1432 habeant
660 1369 769 1432 omnin
781 1369 960 1432 nooesseriu
973 1369 1005 1430 in
1020 1368 1167 1432 omnibus
1181 1368 1365 1432 nemoribus
1374 1365 1454 1433 mois
1473 1373 1543 1433 ten
1554 1365 1595 1432 ds
1608 1366 1775 1451 sdquin'tin

398 1505 495 1582 quum
514 1499 554 1563 de
579 1499 648 1581 jure
678 1499 868 1562 hereditario
898 1498 1016 1562 hebius
1045 1505 1114 1562 tem
1144 1515 1241 1580 eupre
1270 1500 1415 1565 Genum-
1437 1513 1534 1582 quum
1562 1498 1677 1563 subtus
1705 1499 1775 1562 sino

399 1634 616 1716 cujuscunque
636 1628 862 1710 impedimento
881 1627 1111 1710 inperpetuum.
1153 1629 1309 1693 Preter'eu
1321 1629 1393 1693 dedi
1413 1631 1556 1693 oonoessi
1576 1636 1611 1694 et
1629 1631 1692 1695 hoo
1704 1651 1774 1714 pre·

400 1763 485 1830 senui
505 1763 622 1844 scripto
641 1779 715 1826 meo
734 1762 916 1826 confirmavi
935 1761 1085 1842 predictis
1112 1761 1278 1824 moueohis
1295 1777 1353 1843 pro
1372 1778 1431 1826 mo
1444 1768 1479 1825 et
1496 1761 1666 1826 heredibus
1694 1764 1776 1827 meis

401 1893 469 1958 five
489 1893 659 1974 assignetis
686 1892 906 1973 inperpetuum
931 1891 1015 1972 quod
1035 1891 1174 1955 hebenus
1204 1891 1340 1955 liberum
1366 1891 1542 1974 ingressum
1562 1899 1595 1957 et
1614 1911 1776 1976 egressum

399 2025 494 2106 §uper
513 2031 631 2088 torrem
651 2039 755 2086 meum
774 2022 911 2103 undique
931 2041 1003 2084 oum
1024 2021 1213 2084 animalibus
1233 2019 1299 2084 suis
1317 2027 1357 2084 et·
1370 2020 1550 2086 hominibus
1579 2040 1639 2103 pro
1668 2041 1776 2087 neree·

403 2155 495 2222 sniis
526 2155 592 2218 suis
622 2153 788 2236 querendis
815 2154 849 2215 in
877 2153 1008 2233 profetis
1036 2153 1217 2216 nemoribus
1237 2153 1285 2216 ite
1303 2151 1387 2235 quod
1414 2169 1474 2216 neo
1494 2171 1552 2234 ego
1571 2173 1630 2217 neo
1661 2154 1777 2236 uliquis

404 2286 532 2350 domine
552 2301 624 2348 meo
645 2284 695 2347 rei
715 2283 866 2346 heredum
886 2303 1028 2346 meorum
1048 2289 1104 2346 ent
1125 2283 1357 2364 assignatorum
1386 2283 1491 2347 veleut
1521 2283 1680 2365 predictos
1709 2305 1774 2348 mo·

402 2417 524 2482 duobos
543 2416 577 2478 in
598 2421 667 2479 totu
687 2421 772 2477 terre
796 2433 869 2478 mee
896 2433 991 2496 super
1020 2413 1164 2494 ouriugiis
1193 2414 1258 2476 suis
1278 2411 1318 2478 de
1338 2419 1443 2478 oetsro
1463 2413 1615 2478 iaciendis
1634 2415 1778 2498 inpedire

400 2553 515 2615 *venere
543 2563 600 2610 sen
629 2544 812 2626 perturbere
843 2543 1060 2625 quovismodo.
1103 2543 1207 2620 Quare
1235 2543 1307 2607 volo
1326 2551 1360 2608 et
1379 2543 1517 2609 oonoedo
1546 2546 1631 2626 qnod
1660 2547 1777 2628 preiuti

398 2679 548 2744 monaehi
576 2677 715 2740 hnbesnt
741 2682 774 2739 et
794 2680 924 2738 teneant
955 2675 1062 2739 omnis
1095 2653 1283 2756 supradicte
1306 2675 1387 2740 bene
1406 2683 1440 2740 et
1459 2676 1492 2739 in
1512 2695 1591 2758 pnes
1620 2677 1716 2742 libere
1743 2686 1775 2742 et

400 2809 506 2894 quiete
536 2811 658 2896 integre
686 2807 827 2889 plenarie
848 2812 880 2870 et
901 2807 1030 2887 peoifioe
1061 2807 1130 2870 sine
1161 2807 1267 2889 aliquo
1294 2807 1520 2890 impedimento
1539 2811 1590 2874 vel
1610 2810 1773 2874 obstsoulo

400 2937 632 3023 inperpetuum.
674 2937 715 3002 In
728 2939 819 3018 eujus
832 2938 878 3000 rei
891 2937 1109 3000 testimonium
1130 2938 1266 3038 sigilium
1286 2957 1392 3002 meum
1405 2940 1480 3002 huie
1498 2942 1638 3022 presenti
1658 2942 1775 3022 scripto

400 3071 477 3136 duxi
497 3070 729 3154 opponendum.
771 3068 892 3131 Datum
907 3067 990 3148 opud
1005 3069 1118 3130 Arrun
1131 3067 1166 3132 in
1179 3068 1261 3132 festo
1274 3069 1368 3132 Beeti
1381 3069 1620 3134 Breunonorsnr
1641 3072 1775 3152 apostoli

401 3201 487 3267 enno
507 3200 636 3264 Domini
656 3198 823 3263 millesimo
843 3211 931 3261 ooomo
950 3198 1101 3261 vicesimo
1130 3203 1253 3262 oetuvo.
1294 3197 1369 3262 Hiis
1398 3200 1533 3264 tostinus
1563 3201 1716 3264 Jounrrrn
1736 3202 1775 3264 de

401 3325 516 3394 Atnrn
537 3330 664 3393 domino
684 3329 723 3392 de
745 3331 851 3392 Avene
873 3336 906 3391 et
926 3328 965 3390 de
986 3329 1122 3390 Krnvnr
1135 3329 1222 3391 etde
1243 3327 1352 3392 dunnr
1393 3329 1545 3392 tonum
1566 3329 1679 3394 Invnn
1697 3339 1774 3396 tuno

402 3461 576 3529 denesontlo
596 3459 717 3523 domini
736 3458 776 3521 de
797 3459 912 3520 Avnrrn
953 3459 1074 3521 Mruoo
1095 3459 1234 3522 Vsum
1275 3459 1438 3522 uomere
1458 3479 1501 3543 ep
1520 3461 1612 3527 unns
1653 3463 1777 3530 Ounro

402 3593 444 3678 tp
464 3587 584 3658 Menou
624 3591 787 3657 uenum
809 3591 948 3656 Gnrnrn
969 3591 1066 3655 irstre
1086 3609 1158 3655 meo
1178 3597 1211 3655 et
1231 3591 1341 3655 multis
1362 3591 1442 3656 s'liit

1025 3987 1153 4062 Com.

723 4117 862 4196 onnus
882 4125 1102 4193 nouimus
1123 4129 1184 4190 un
1205 4121 1385 4194 Bouron
1406 4125 1460 4193 oo.

932 4259 1089 4339 [Fuenms
1110 4256 1209 4339 Mes]
1648 4259 1735 4325 1³20.

439 4377 549 4458 Seiani
568 4397 732 4473 presentes
744 4396 778 4453 et
790 4387 889 4452 futuri
908 4388 993 4470 quod
1006 4405 1066 4451 nos
1079 4388 1249 4451 Journuns
1261 4383 1302 4450 de
1314 4385 1453 4452 Horror
1473 4395 1506 4453 st
1525 4385 1678 4453 Jonnrsrs
1697 4405 1779 4456 uxor

398 4543 472 4586 mee
503 4519 647 4584 dadinus
680 4519 895 4583 oonoeusimus
925 4525 959 4582 et
987 4519 1048 4582 heo
1079 4519 1219 4600 presenti
1248 4525 1339 4584 oerts
1372 4523 1483 4583 nostru
1518 4505 1778 4587 confirmavimus

400 4651 529 4718 domino
548 4651 703 4716 Bonmro
723 4649 763 4714 de
776 4649 909 4714 Pennus
928 4649 1023 4714 militi
1036 4655 1069 4713 et
1082 4649 1246 4714 Isonnnnn
1266 4649 1356 4714 uxori
1376 4649 1446 4733 ejus
1465 4651 1678 4736 quedrngints
1695 4652 1776 4718 dnus
