3956 5488
1539 735 1599 801 297

264 1055 376 1104 serem
395 1055 447 1104 me
466 1053 540 1104 enm
559 1054 641 1122 eque
653 1041 687 1104 et
706 1039 852 1122 gestiens
870 1057 942 1108 meo
962 1057 1019 1123 per
1038 1039 1194 1108 eirenem
1213 1059 1302 1106 meos
1321 1047 1354 1108 et
1374 1061 1480 1108 meres
1499 1063 1588 1110 meos
1608 1051 1641 1110 et

268 1170 447 1236 Jemrrsrr
475 1187 607 1234 merem
636 1188 742 1236 moeni
770 1188 844 1234 eum
872 1171 960 1238 exitu
985 1177 1094 1236 nostre
1114 1178 1151 1235 nt
1171 1171 1205 1236 in
1224 1171 1303 1238 erbis
1323 1179 1356 1236 et
1375 1173 1487 1254 petitis
1505 1174 1587 1240 bens
1607 1181 1641 1238 et

265 1306 483 1383 competenter
501 1303 749 1368 sustentaverint
768 1309 802 1368 et
822 1321 920 1368 unum
939 1303 1049 1368 rebem
1069 1310 1302 1386 competentem
1321 1323 1394 1369 eum
1414 1305 1524 1372 iurem
1541 1326 1641 1372 ennu-

269 1434 348 1498 stim
367 1433 499 1498 mihist
518 1433 652 1500 ultorem
672 1433 781 1499 rebem
801 1441 1035 1516 eempetentem
1055 1455 1128 1500 eum
1147 1436 1270 1518 pellere
1297 1437 1463 1502 ennuntim
1489 1437 1642 1502 Jensrsrsn

160 1563 161 1566 ’
270 1565 361 1630 uxori
379 1583 449 1630 mee
463 1565 505 1630 eri
523 1571 626 1631 tetum
645 1566 747 1632 vitem
766 1566 919 1632 Jessrurr
939 1566 1053 1632 metris
1072 1585 1142 1632 mee
1153 1567 1188 1630 in
1201 1566 1284 1632 testo
1304 1567 1422 1632 nstebs
1443 1567 1573 1634 Domini
1592 1571 1644 1634 vel

268 1697 351 1761 teste
369 1695 487 1778 penem
508 1696 657 1762 solverint
678 1697 762 1781 qued
781 1717 820 1762 ex
840 1703 917 1762 tune
942 1697 1063 1762 dietum
1083 1696 1236 1780 seriptum
1265 1697 1486 1780 ebiigsterinm
1515 1705 1644 1764 eentum

270 1845 447 1894 merentum
466 1827 591 1892 irritum
610 1826 652 1892 sit
672 1833 705 1892 et
724 1846 861 1892 meum
881 1834 914 1893 et
934 1827 1063 1892 omnine
1084 1846 1142 1893 sue
1161 1833 1269 1892 emese
1298 1827 1405 1910 vigere
1424 1835 1458 1892 et
1477 1847 1536 1910 pre
1555 1829 1644 1892 nuile

268 1959 434 2024 muner.
475 1957 518 2022 1n
547 1957 638 2039 eujus
659 1957 715 2024 eo
744 1925 964 2024 semonnia
997 1957 1071 2024 nno
1099 1958 1241 2040 perne
1268 1957 1386 2040 scripto
1415 1977 1487 2024 meo
1507 1959 1643 2042 tronum

270 2107 377 2154 meum
404 2087 546 2170 opposui.
595 2089 717 2153 Dotem
744 2088 830 2170 opud
859 2087 1071 2154 Hsunswnrn
1091 2088 1143 2154 die
1162 2088 1310 2156 vnsnms
1340 2089 1489 2154 vieesimo
1508 2087 1559 2154 die
1580 2089 1643 2154 Au·

270 2237 368 2284 euers
398 2237 485 2284 enne
512 2218 600 2301 regni
625 2217 720 2302 Regis
750 2218 910 2284 Enwrnor
939 2219 1032 2284 tereii
1059 2224 1132 2300 pest
1159 2224 1369 2302 eenquestnm
1389 2219 1490 2285 tereie
1509 2219 1641 2285 deeime.

271 2351 344 2416 Hiis
377 2350 513 2416 testibus
547 2351 717 2418 Gnnmre
745 2349 785 2416 de
818 2350 990 2428 Emer:
1042 2349 1195 2416 Jenrurn
1229 2351 1259 2416 le
1293 2351 1387 2418 Bnrn
1438 2352 1571 2418 suern
1604 2351 1644 2418 de

273 2481 406 2550 seems
424 2487 458 2550 et
478 2481 559 2548 eliis.

626 2611 739 2679 Denso.
782 2611 970 2678 numere
990 2610 1030 2676 ds
1050 2609 1286 2680 uenenum

874 2994 1066 3062 oobxxn.
1157 2993 1162 3003 '

269 3125 409 3192 GARTA
429 3125 633 3192 HUGONIS
652 3125 710 3192 LE
730 3126 988 3192 DESPENSEB
1006 3125 1394 3194 nonsummum
1410 3125 1641 3192 KAERDIFF.

801 3257 928 3338 [Ferus
948 3257 1120 3337 monere]
1344 3258 1384 3322 19
1404 3257 1488 3325 Aru:
1511 3259 1601 3324 1340.

309 3389 410 3456 Hune
428 3389 460 3455 le
480 3388 844 3456 monendomum
865 3391 1069 3456 (immensis
1089 3395 1123 3455 et
1142 3387 1372 3456 Monossseer
1400 3389 1548 3454 omnibns
1576 3389 1643 3456 bei·

269 3521 340 3586 livis
359 3529 393 3586 et
422 3521 575 3586 ministris
605 3520 723 3586 nostris
750 3529 784 3585 et
813 3521 885 3585 eliis
912 3521 1058 3586 fidelibus
1086 3526 1267 3604 presentem
1299 3527 1424 3588 eertum
1451 3519 1643 3604 inspecturis

264 3653 401 3718 sslutmr
413 3653 447 3716 in
460 3652 607 3718 Domine.
640 3651 754 3717 Seietie
767 3652 852 3735 qnod
864 3651 905 3716 de
918 3650 1021 3734 gretie
1032 3657 1144 3718 nestro
1162 3651 1292 3734 epeeisli
1311 3651 1455 3718 dedimus
1467 3658 1501 3717 et
1514 3669 1640 3716 eenees·

266 3783 366 3848 simus
384 3783 517 3848 delestis
535 3782 742 3866 burgensibus
762 3781 880 3848 nestris
892 3781 966 3847 ville
979 3787 1089 3847 nostre
1101 3779 1142 3846 de
1155 3779 1328 3846 mmm
1347 3799 1458 3846 omnes
1477 3779 1642 3846 libertates

266 3913 462 3996 subscriptos
480 3913 722 3996 imperpetuum.
763 3911 919 3978 videlieet
938 3911 1023 3994 gued
1041 3911 1103 3994 ipsi
1122 3917 1155 3976 et
1169 3911 1300 3978 heredes
1320 3912 1371 3976 rui
1389 3908 1488 3994 quieti
1500 3915 1533 3973 et
1547 3908 1638 3974 liberi

267 4050 342 4108 sunt
361 4043 402 4108 ds
422 4043 570 4108 theleneo
589 4043 732 4126 mnregie
750 4042 901 4126 pentsgio
918 4041 1078 4126 pnnnsgie
1103 4041 1239 4124 terrsgie
1258 4039 1393 4123 keyegie
1412 4045 1446 4106 et
1465 4038 1587 4122 mergit
1607 4047 1640 4106 et

266 4177 337 4240 sliis
357 4174 488 4240 dirersis
507 4173 663 4238 ensiumis
675 4179 708 4238 et
719 4171 1000 4238 eonsuetudinibus
1018 4191 1076 4254 per
1094 4177 1200 4238 totum
1218 4171 1393 4236 dominium
1411 4175 1557 4237 mserum
1570 4177 1639 4238 mm

264 4308 299 4372 in
319 4307 445 4372 Anum
465 4324 561 4388 quem
579 4305 615 4368 in
635 4305 780 4370 Wsnms
821 4305 866 4369 Et
886 4303 971 4388 qued
989 4301 1051 4386 ipsi
1077 4303 1190 4386 eligere
1218 4301 1354 4368 deberet
1384 4300 1552 4368 mesum
1571 4301 1637 4366 bol·

265 4438 345 4502 lives
358 4441 485 4518 nestros
494 4434 534 4499 de
547 4434 755 4516 burgensibus
768 4433 886 4500 nestris
898 4433 1041 4516 eiusdem
1053 4433 1125 4501 viiie
1137 4433 1283 4498 videlieet
1303 4437 1437 4515 quetuer
1455 4431 1634 4515 prepositos

265 4567 305 4632 de
325 4566 439 4651 quibus
459 4563 713 4630 oenstsbulsrine
732 4563 829 4628 eestri
848 4562 950 4628 nestri
968 4561 1008 4630 de
1029 4561 1200 4630 meone
1219 4561 1300 4628 dues
1319 4561 1448 4644 reeipiet
1467 4563 1510 4628 ed
1529 4566 1638 4630 velun·

264 4705 367 4766 tutem
386 4715 477 4764 reem
497 4714 597 4762 unum
616 4695 768 4762 beuivnn
785 4701 819 4762 et
838 4693 902 4766 due
922 4700 1094 4766 insisteres
1112 4693 1242 4764 eurisis
1262 4695 1316 4780 qni
1336 4695 1453 4764 debent
1482 4696 1579 4779 rsoipi
1599 4704 1632 4764 et
