3986 5502
439 745 479 808 88

437 1045 554 1109 Poetee
582 1057 689 1108 eorem
715 1037 842 1105 domino
872 1035 956 1122 Rege
986 1043 1019 1104 et
1045 1039 1176 1104 tenellis
1206 1053 1263 1104 sno
1290 1041 1366 1104 tune
1394 1039 1553 1122 provisum
1582 1041 1641 1107 fult
1666 1041 1749 1127 qnod

398 1175 543 1240 dominus
556 1173 624 1238 Rex
637 1173 742 1236 mittet
756 1171 871 1236 ibidem
885 1169 1078 1236 Wmnnsnn
1090 1171 1130 1234 de
1143 1163 1305 1234 otmense
1324 1170 1501 1234 dommus
1514 1169 1555 1236 de
1567 1171 1749 1240 Musam

398 1306 638 1372 wmnmmun
657 1301 893 1368 lundrensem
913 1309 946 1368 et
966 1303 1163 1367 limenensis
1182 1301 1222 1366 de
1241 1301 1320 1367 Vm'
1342 1301 1383 1374 sd
1403 1301 1592 1368 audiendum
1610 1305 1644 1368 in
1665 1306 1751 1374 euxia

398 1437 545 1520 predicte
574 1442 681 1499 utrum
708 1433 812 1498 dietus
840 1449 944 1497 eomes
963 1433 1043 1496 bene
1072 1433 1188 1496 feceret
1216 1439 1249 1496 et
1279 1433 1363 1514 juste
1391 1433 1425 1496 in
1445 1429 1529 1499 laeto
1547 1433 1687 1518 plediete
1706 1437 1752 1504 itt

396 1565 481 1648 quod
511 1565 539 1628 si
567 1561 647 1628 bene
679 1564 796 1628 lederet
823 1563 995 1626 secundm
1022 1561 1280 1628 eonsuetudinem
1300 1570 1333 1628 et
1353 1563 1495 1646 usagium
1521 1567 1623 1648 petn‘e
1653 1573 1752 1636 earet

396 1695 713 1760 immanentem
739 1693 856 1757 milites
883 1693 1022 1758 laterent
1051 1693 1213 1758 reeordum
1242 1691 1369 1758 domino
1398 1692 1476 1777 Regi
1496 1702 1529 1759 et
1547 1697 1615 1778 ipse
1634 1696 1753 1764 lectum

395 1823 473 1890 illud
486 1827 660 1907 corrigeret.
703 1822 796 1890 Unde
808 1838 865 1905 per
876 1823 1036 1904 provisum
1048 1821 1138 1886 illum
1150 1821 1335 1886 mandatum
1347 1819 1407 1888 fult
1419 1822 1567 1906 predictis
1588 1825 1753 1894 witmau

396 1955 437 2020 de
451 1957 613 2022 omnnem)
641 1956 661 2018 J
662 1971 782 2018 omnm
796 1952 835 2018 de
849 1953 1030 2015 Muennnn'
1066 1951 1232 2016 wintino
1244 1951 1451 2018 memmae
1464 1961 1497 2019 et
1511 1956 1579 2020 loeo
1593 1957 1753 2022 Gmemm

397 2087 438 2152 de
457 2089 537 2154 Μ’
572 2089 742 2151 Nzenomo
761 2086 801 2180 de
821 2085 961 2150 Menses
992 2083 1075 2166 quod
1095 2091 1200 2148 essent
1220 2099 1325 2147 eorem
1344 2083 1471 2148 domino
1491 2083 1575 2167 Rege
1595 2105 1615 2150 e
1635 2087 1685 2151 die
1707 2087 1754 2152 Sti

396 2217 557 2282 domme
590 2216 736 2299 baptiste
767 2219 798 2298 [4
818 2217 916 2296 lunii]
938 2218 972 2278 in
991 2235 1091 2278 unum
1117 2233 1258 2277 mensem
1292 2215 1434 2296 proximo
1463 2217 1612 2296 preterito
1632 2226 1683 2281 etc
1713 2219 1754 2282 sd

307 2389 311 2396 -
397 2346 633 2412 testificandum
653 2347 746 2412 simul
766 2346 928 2411 reeordum
941 2347 1060 2410 laetum
1072 2345 1206 2410 incuria
1225 2341 1363 2410 mamm
1383 2344 1506 2410 semitis
1527 2347 1755 2412 Gmuemmm

400 2475 441 2541 de
462 2477 689 2541 Gnsnnoeess
708 2477 791 2539 inter
810 2477 914 2557 ipsum
934 2475 1080 2538 comitem
1094 2482 1126 2537 et
1148 2473 1321 2537 memnon
1341 2473 1476 2538 stssn
1495 2493 1552 2556 per
1570 2477 1654 2558 quod
1673 2477 1756 2543 idem

399 2607 565 2672 Rlsmus
590 2607 669 2670 dixit
697 2605 815 2688 injuste
835 2624 904 2669 esse
924 2605 1084 2686 utlagatus
1105 2620 1137 2668 se
1157 2603 1240 2685 quod
1260 2602 1422 2666 reeordum
1441 2603 1567 2667 domino
1587 2605 1665 2686 Regi
1684 2605 1755 2670 mit·

398 2741 504 2803 terent
517 2737 575 2802 sub
595 2737 703 2819 sigillis
717 2737 782 2800 suis
794 2737 828 2799 in
841 2735 978 2800 erastino
994 2735 1041 2798 Sti
1054 2733 1249 2814 Hmrnnnffi
1263 2731 1381 2813 Oet‘s].
1422 2733 1467 2797 Et
1480 2733 1533 2798 ubi
1546 2742 1623 2798 tune
1636 2737 1757 2802 venisse

399 2867 574 2932 debuerunt
603 2873 653 2931 ete
684 2867 777 2931 simul
806 2867 847 2930 ed
876 2864 1109 2930 testificandum
1138 2863 1311 2928 recordum.
1351 2863 1436 2927 Illud
1465 2873 1498 2928 et
1518 2885 1583 2930 non
1602 2877 1755 2932 venerunt

401 2999 483 3063 sieut
502 2995 608 3063 venire
636 2997 810 3062 debuerunt
841 3004 892 3061 ete
912 3003 944 3060 et
964 2993 1024 3078 ipsi
1044 3011 1153 3059 omnes
1174 2993 1215 3058 nd
1235 2995 1317 3058 diem
1337 2995 1422 3058 illem
1443 3004 1596 3060 venerunt
1616 3003 1649 3060 et
1670 2998 1756 3062 testi·

400 3129 487 3193 teeti
514 3107 641 3193 luerunt
675 3129 758 3211 quod
787 3125 950 3192 rotondum
980 3126 1063 3208 quod
1096 3127 1250 3189 miserunt
1282 3124 1317 3188 in
1347 3125 1484 3189 erastino
1520 3127 1568 3190 Sti
1601 3127 1756 3192 Hfflffl

400 3259 572 3324 seeundum
585 3259 668 3342 quod
681 3257 715 3321 in
728 3257 855 3322 resordo
868 3255 922 3320 illo
935 3255 1088 3338 seriptum
1107 3253 1166 3318 luit
1186 3251 1372 3320 audiverunt
1392 3253 1547 3319 reeordari
1560 3256 1594 3319 in
1607 3257 1759 3321 comitatu

402 3388 443 3452 ds
463 3389 690 3454 (immonem
715 3397 748 3452 et
768 3389 893 3472 quando
913 3387 1072 3470 predictus
1092 3361 1196 3450 eomes
1216 3381 1290 3449 feeit
1318 3403 1424 3449 eorem
1443 3387 1488 3449 eie
1507 3386 1670 3450 reeordum
1682 3385 1759 3452 illud

402 3519 489 3582 omni
509 3517 618 3582 eodem
636 3517 731 3584 modo
751 3521 832 3584 sieut
852 3515 1031 3584 sentinetur
1044 3518 1078 3581 in
1090 3515 1230 3600 predicto
1250 3511 1377 3580 recordo
1391 3523 1423 3580 et
1438 3513 1580 3580 similiter
1599 3517 1759 3580 testificati

403 3647 530 3714 luerunt
563 3647 646 3730 quod
676 3667 782 3714 eorem
809 3647 855 3713 eis
882 3647 969 3713 venit
999 3650 1150 3711 Flemus
1170 3647 1210 3711 de
1231 3647 1287 3710 Sto
1316 3645 1519 3710 anmnnno
1539 3653 1572 3710 et
1592 3643 1705 3710 obtulit
1725 3663 1759 3711 se

403 3797 499 3861 quem
528 3785 724 3844 ettometum
751 3779 882 3862 prodisti
909 3781 1046 3843 R1nssn1
1079 3776 1214 3844 stlen
1234 3782 1266 3841 et
1286 3775 1400 3841 obtulit
1420 3777 1552 3859 probare
1571 3794 1758 3859 percorpus

402 3911 568 3991 eujusdam
586 3907 676 3974 liberi
695 3905 831 3972 hominis
851 3915 961 3973 contre
980 3908 1098 3972 euriem
1117 3903 1290 3988 predictam
1303 3905 1386 3989 quod
1398 3905 1560 3982 meordum
1579 3904 1657 3970 illud
1676 3907 1758 3989 quod

403 4035 624 4104 recordabatur
652 4057 758 4103 eorem
786 4033 864 4120 ipsis
883 4037 1035 4101 militibus
1055 4035 1088 4100 in
1108 4043 1198 4118 parte
1218 4037 1278 4100 luit
1298 4051 1406 4102 verum
1425 4042 1458 4101 et
1478 4033 1512 4101 in
1531 4041 1621 4118 perte
1641 4037 1757 4102 falsum

403 4173 436 4232 et
456 4169 654 4250 protulerunt
674 4167 837 4232 secondum
857 4168 940 4251 quod
960 4170 1024 4232 tale
1044 4175 1102 4231 est.

434 4295 627 4364 'Comme
652 4300 691 4364 de
722 4297 1091 4381 (immonem-Apud
1122 4295 1239 4363 Snmm
1258 4295 1309 4362 die
1330 4299 1498 4364 Mnneesn
1525 4299 1666 4381 proximo
1685 4307 1760 4366 ente

404 4428 643 4492 translationem
662 4428 748 4493 besti
767 4425 885 4492 Tnoem
900 4427 1041 4492 Martis-le
1062 4443 1146 4492 enne
1159 4429 1198 4492 R.
1213 4429 1251 4492 R.
1267 4426 1412 4492 Heme
1426 4428 1508 4491 xxix:
1532 4431 1563 4508 [6
1577 4429 1597 4492 J
1598 4429 1653 4492 ulii
1668 4431 1757 4511 1245]

403 4555 519 4619 ibidem
546 4557 632 4622 venit
662 4557 827 4623 menses
847 4557 887 4622 de
907 4557 1016 4622 Omen
1041 4577 1146 4622 eomes
1174 4557 1401 4622 Gnouensmm
1430 4565 1462 4622 et
1492 4559 1707 4622 Hnnmosnm
1727 4566 1761 4622 et

406 4685 562 4768 appellere
581 4687 655 4754 lesit
675 4689 837 4756 dominum
857 4689 1030 4756 memus
1052 4687 1187 4754 stenn
1200 4687 1239 4754 de
1261 4687 1441 4754 seductione
1468 4693 1502 4754 et
1531 4687 1647 4758 felonia
1667 4705 1761 4772 quem
