3974 5500
1563 588 1602 650 41

277 877 389 944 beistis
409 877 496 962 qued
515 893 573 963 ego
591 879 729 948 oonoede
755 887 790 948 et
817 881 968 948 confirmo
995 881 1197 950 donationem
1216 883 1256 950 de
1276 883 1409 952 eoelesie
1437 885 1477 952 de
1497 885 1641 952 Germ·

276 1049 401 1097 senous
422 1051 519 1117 qoem
539 1033 727 1101 montone
746 1035 786 1100 de
806 1035 989 1101 nonnosus
1008 1035 1083 1104 ieoit
1103 1037 1242 1104 eoolesiae
1264 1040 1372 1105 Heneti
1400 1040 1585 1107 monnone
1605 1049 1639 1108 et

275 1163 439 1230 monsehis
466 1164 608 1247 ejusdem
627 1165 765 1232 eoelesiae
792 1187 844 1232 me
863 1175 1009 1249 presente
1037 1175 1070 1232 et
1098 1175 1179 1234 teste
1208 1169 1249 1234 ed
1276 1170 1337 1236 hoe
1364 1178 1486 1236 vooeto.
1545 1170 1642 1236 Hono

276 1301 383 1358 entem
402 1294 568 1360 eeclesiam
587 1295 634 1358 sio
653 1295 740 1360 dedit
760 1302 793 1361 et
818 1315 891 1360 oum
918 1297 1063 1362 ommbue
1091 1298 1210 1362 soilioet
1236 1299 1438 1380 pertinentiis
1459 1300 1525 1364 suis
1545 1301 1641 1366 iibere

276 1429 309 1486 et
328 1421 435 1504 quiete
454 1423 488 1486 in
507 1423 637 1488 decimis
656 1431 691 1488 et
710 1425 988 1490 eonsuetudinrbns
1016 1433 1049 1491 et
1076 1427 1266 1492 nominatim
1293 1435 1411 1495 terrem
1438 1430 1561 1495 duabus
1580 1431 1641 1495 viis

277 1557 311 1614 et
331 1571 446 1634 equom
465 1551 706 1634 interjeeentem
725 1573 796 1637 que
816 1555 856 1618 eb
876 1555 987 1620 eedem
1011 1556 1144 1621 eeoiesis
1163 1557 1271 1622 ableto
1290 1558 1392 1624 ineret
1420 1560 1523 1626 eidem
1542 1561 1640 1626 seols-

281 1683 337 1748 siae
357 1682 493 1748 reddidit
513 1690 546 1748 et
565 1683 663 1749 dedit.
703 1685 804 1750 Feote
816 1692 924 1750 eutem
936 1686 998 1749 beo
1011 1686 1181 1751 donetione
1194 1692 1455 1768 presentaverunt
1474 1689 1553 1752 mihi
1571 1709 1641 1771 pre·

273 1811 333 1876 isti
351 1812 499 1877 monaehi
517 1811 598 1878 duee
624 1813 777 1879 honestes
803 1833 955 1898 personas
975 1817 1202 1880 wmnnon
1228 1817 1347 1882 scilieet
1375 1817 1583 1898 presbiterum
1603 1825 1637 1884 et

276 1939 464 2006 Pmm’mr
482 1941 626 2024 magistri
645 1943 819 2008 Binum
846 1943 947 2009 filium
974 1962 1054 2028 quos
1082 1963 1139 2028 ego
1166 1945 1298 2027 prototo
1318 1945 1457 2013 eoelesioe
1477 1948 1641 2014 menophis

275 2076 310 2134 et
329 2069 458 2136 domino
478 2071 644 2138 memoro
663 2072 725 2138 hee
743 2075 949 2157 exegentibue
969 2083 1003 2140 et
1022 2075 1266 2142 eonesdentrbus
1293 2077 1495 2160 inpersoneri
1515 2078 1572 2143 teli
1592 2085 1640 2144 te·

273 2219 349 2264 men
368 2206 464 2283 poeto
483 2201 568 2283 quod
586 2221 727 2267 meroem
746 2221 844 2268 unem
864 2205 986 2286 argenti
1006 2205 1216 2286 eeeleeieehSti
1236 2205 1425 2272 Mromnre
1444 2206 1484 2270 de
1504 2207 1641 2272 Hneoo·

273 2347 362 2395 none
382 2336 416 2394 et
435 2329 599 2395 moneobis
613 2330 754 2413 ejusdem
766 2331 906 2397 ecclesie
927 2333 1058 2415 singuiis
1078 2335 1172 2398 annis
1191 2335 1321 2402 reddere
1341 2336 1458 2402 debent
1477 2336 1640 2402 dimidiam

272 2461 393 2526 scilieet
412 2481 553 2525 meroem
571 2462 606 2525 in
626 2461 874 2528 onnnnoieoions
895 2463 959 2527 iiim
980 2463 1100 2526 Merum
1121 2470 1154 2528 et
1174 2465 1307 2530 altorem
1319 2463 1482 2532 dimidiam
1499 2485 1640 2531 meroem

273 2591 308 2654 in
327 2591 411 2654 festo
429 2590 516 2656 besti
536 2591 732 2658 monsone.
772 2592 818 2657 Et
838 2593 866 2656 ei
886 2593 967 2656 alter
986 2612 1094 2658 eornm
1113 2601 1258 2660 mortuus
1278 2595 1372 2660 inerit
1395 2597 1476 2661 niter
1501 2615 1642 2661 meroem

272 2719 433 2785 reddendo
460 2720 593 2786 eandem
620 2722 787 2787 eeclesiam
814 2728 923 2787 teneat
951 2729 984 2788 et
1011 2730 1084 2806 poet
1112 2731 1247 2790 mortem
1274 2725 1409 2791 istarum
1435 2745 1641 2808 pereonerum

270 2850 396 2934 preiste
416 2851 549 2916 ecelesia
567 2852 707 2917 eoelesiee
729 2853 778 2918 Sti
798 2853 984 2918 Mromnrs
1004 2855 1044 2919 de
1064 2856 1277 2922 Hoooonone
1304 2861 1337 2922 et
1356 2856 1522 2921 moneebie
1541 2856 1641 2923 libers

271 2989 306 3048 et
326 2983 435 3065 quieto
454 2990 627 3048 remaneat.
668 2983 743 3048 Hiis
763 2985 899 3050 testibus
927 2985 1083 3051 Renum
1111 2985 1340 3052 Lenosvnsers
1360 2985 1500 3052 eooleeioe
1520 2993 1552 3051 et
1572 3005 1639 3052 me·

270 3111 368 3194 gistro
386 3113 539 3176 ionem
552 3111 722 3178 canonicis.
762 3114 885 3180 Eodem
906 3113 957 3178 die
978 3113 1180 3179 disreoioneti
1200 3121 1275 3178 sunt
1289 3116 1477 3180 Meumsms
1497 3115 1537 3180 ds
1550 3115 1637 3181 Lon·

272 3257 381 3304 porus
402 3247 435 3304 et
454 3241 601 3306 monsohi
620 3241 661 3308 de
682 3241 738 3306 Sto
758 3242 936 3307 ansnrm
956 3261 1008 3308 me
1028 3249 1174 3324 presente
1194 3243 1333 3310 deeimes
1353 3249 1445 3308 terres
1465 3263 1561 3326 quem
1581 3246 1637 3312 Bi·

270 3390 396 3438 onnus
411 3370 576 3436 intinerins
595 3369 636 3436 de
656 3371 854 3436 Wmnmnno
874 3372 914 3435 de
934 3371 1116 3436 Lnrnorns
1130 3377 1163 3436 et
1177 3371 1344 3439 Meummo
1364 3373 1433 3454 eine
1453 3373 1519 3437 filio
1532 3375 1636 3440 tenuit

265 3509 300 3569 et
319 3502 367 3568 ite
385 3501 470 3586 quod
488 3502 635 3567 dominns
654 3501 819 3568 Imrsroue
839 3508 872 3566 et
892 3502 1113 3567 Wmnmnrrns
1133 3510 1166 3566 et
1185 3503 1356 3570 Jonnnns
1375 3503 1433 3568 dlii
1452 3504 1501 3570 sui
1514 3507 1630 3572 oleme-

268 3641 383 3700 verunt
411 3653 483 3698 esm
510 3633 651 3715 quietem
676 3631 816 3698 eoelesioe
846 3631 910 3698 sto
938 3633 1090 3699 Bmemm
1118 3639 1151 3703 et
1178 3635 1353 3700 monendis.
1395 3635 1469 3701 Hiis
1498 3637 1633 3702 testibus

264 3762 417 3846 magistro
436 3761 588 3826 Josssrn
608 3765 641 3826 et
661 3761 818 3826 Binum
837 3759 878 3824 de
890 3760 1085 3826 merevin
1124 3761 1221 3828 Iesse
1234 3762 1407 3844 presbitero
1447 3763 1630 3830 Hennmno

267 3891 443 3976 presbitero
489 3890 635 3956 Brenno
662 3889 703 3954 de
730 3890 887 3958 Minores
936 3884 1128 3957 sobmon
1153 3893 1328 3975 presbitero
1376 3892 1505 3958 OEsorn
1532 3893 1633 3960 milite

266 4023 349 4088 Bms
369 4019 537 4086 wionem
575 4019 743 4087 monmoo
766 4019 926 4105 preposito
966 4021 1163 4092 wnonnno
1190 4021 1341 4089 dremne
1356 4099 1363 4118 Ι
1380 4028 1415 4089 et
1434 4022 1632 4093 ermnuo

266 4152 310 4217 de
329 4150 525 4217 moseres
545 4148 675 4217 elerioie.
