3932 5498
884 1045 1049 1110 Emursu.

316 1176 541 1268 dequietancia
560 1181 593 1240 et
612 1175 764 1240 resolucio
784 1175 935 1241 redditus.
977 1176 1068 1240 Idem
1097 1180 1259 1258 computat
1279 1173 1313 1236 in
1334 1171 1550 1256 acquietancia
1580 1169 1647 1236 red·

252 1309 361 1400 „ditus
385 1309 408 1390 ij
438 1309 624 1374 ballivorum
654 1306 796 1389 ejusdem
825 1307 898 1370 ville
927 1326 984 1388 per
1013 1306 1097 1371 idem
1126 1313 1251 1389 tempus
1280 1305 1324 1386 xij
1333 1305 1365 1368 d.
1406 1304 1451 1366 ut
1471 1303 1504 1365 in
1523 1301 1649 1366 redditu

276 1441 415 1503 resoluto
443 1439 551 1504 abbati
579 1446 612 1503 et
642 1438 811 1503 conventui
830 1437 869 1502 de
890 1439 1011 1502 Nuuus
1031 1439 1066 1501 in
1085 1445 1176 1522 parte
1201 1437 1371 1502 solutionis
1391 1436 1449 1500 cli.
1470 1436 1512 1517 vij
1524 1435 1556 1498 li.
1577 1435 1647 1516 vis.

274 1569 349 1651 iijd.
371 1568 423 1634 ob.
444 1590 475 1653 q.
495 1569 641 1635 videlicet
661 1588 718 1652 pro
737 1568 867 1634 dimidio
887 1586 982 1633 anno.
1025 1570 1155 1635 Summa
1175 1567 1316 1632 omnium
1335 1585 1542 1649 expensarum
1561 1564 1647 1646 vij‘li.

278 1698 356 1781 viis.
377 1698 451 1782 iijd.
471 1699 523 1763 ob.
544 1719 575 1782 q.

842 1899 1087 1964 Lemurum.
1222 1901 1225 1912 '

314 2031 531 2094 Frumentum.
572 2029 664 2093 Idem
683 2005 860 2111 emendet
871 2028 910 2093 de
930 2030 975 2111 iiij
996 2029 1162 2112 quarteriis
1182 2029 1311 2096 dimidio
1335 2031 1485 2096 immenti
1515 2032 1649 2114 receptis

274 2161 314 2225 ds
333 2161 467 2226 Pucino
486 2160 526 2224 de
545 2161 779 2224 murrum
800 2161 930 2224 custode
961 2167 1036 2225 ants
1066 2162 1171 2242 ipsum
1189 2180 1246 2243 per
1264 2162 1475 2227 indenturam.
1519 2163 1650 2228 Summa

272 2291 318 2373 iiij
349 2291 509 2374 quarteria
535 2291 709 2355 dimidium.
751 2293 796 2355 ut
826 2290 970 2355 liberavit
991 2291 1032 2356 ud
1057 2291 1278 2357 liberecionem
1308 2293 1506 2358 famulorum.
1557 2293 1652 2358 Unde

276 2423 445 2505 respondet
466 2420 595 2484 inieriue
615 2420 690 2502 quia
709 2419 811 2485 debile
830 2425 864 2483 et
883 2419 1054 2502 putridum.
1096 2421 1141 2484 Et
1161 2421 1206 2484 nil
1226 2429 1379 2487 remanet.

312 2553 455 2616 Mirtura
483 2551 525 2614 ad
554 2549 775 2614 liberacionem
805 2548 1006 2614 famulorum.
1048 2550 1140 2615 Idem
1168 2550 1338 2633 respondet
1358 2551 1398 2616 de
1418 2551 1463 2634 iiii
1485 2538 1652 2633 quarteriis

272 2684 401 2748 dimidio
420 2683 533 2746 debilis
553 2682 704 2745 frumenti
723 2682 857 2763 receptis
878 2682 919 2746 ab
938 2683 1161 2748 liberationem
1181 2683 1371 2747 famulorum
1400 2688 1563 2764 utsupra.
1605 2682 1651 2746 ut

218 2833 221 2838 ·
272 2817 312 2880 de
339 2815 382 2897 iiij
414 2813 580 2896 quarteriis
599 2813 633 2895 iij
655 2794 804 2876 bannis*
821 2818 855 2876 et
874 2813 1004 2878 dimidio
1034 2815 1171 2877 mixture
1201 2815 1336 2896 receptis
1355 2815 1395 2878 de
1416 2813 1577 2896 empcione
1609 2799 1651 2878 ad

272 2945 364 3007 idem.
404 2944 449 3006 iit
470 2943 509 3006 de
529 2941 576 3025 iiij
607 2941 773 3022 quarteriis
799 2941 844 3026 iiij
875 2941 1022 3005 bussellis
1052 2948 1085 3005 et
1115 2943 1244 3007 dimidio
1275 2943 1409 3023 receptis
1439 2943 1479 3006 ds
1508 2943 1650 3024 predicto

273 3073 414 3138 Peenno.
468 3071 598 3136 Summa
619 3070 673 3154 xiij
695 3070 855 3152 quarteria
884 3070 1057 3134 dimidium.
1101 3071 1195 3136 Unde
1224 3079 1387 3153 computat
1407 3073 1441 3136 in
1461 3073 1649 3138 liberatione

270 3203 363 3266 unius
392 3202 540 3265 messoris
559 3204 571 3285 j
593 3201 757 3265 carectarii
778 3207 810 3265 et
830 3201 875 3286 iiij
905 3221 1089 3266 carucarum
1114 3223 1135 3266 a
1154 3215 1210 3266 11⁰
1229 3203 1281 3267 die
1301 3203 1416 3284 Aprilis
1446 3223 1545 3286 usque
1573 3205 1648 3268 xxix

270 3335 353 3398 diem
375 3332 566 3415 Septembris
586 3351 642 3414 per
662 3331 737 3416 xxiij
765 3333 960 3414 septimanas
980 3341 1012 3397 et
1032 3333 1112 3397 duos
1132 3333 1200 3398 dies
1220 3315 1275 3417 'xiij
1298 3335 1458 3416 quarteria
1485 3333 1650 3400 dimidium

272 3483 402 3546 quorum
422 3463 553 3545 quilibet
573 3463 656 3544 cepit
676 3463 871 3546 quarterium
890 3483 947 3545 per
966 3482 987 3525 r
1008 3462 1212 3544 septimanas.
1254 3465 1298 3528 Et
1319 3464 1399 3528 nihil
1418 3471 1572 3528 remanet.

777 3755 953 3818 ecmonus
973 3753 1141 3818 Isersunr.

310 3883 396 3947 Adri.
437 3883 528 3948 Idem
556 3883 725 3965 respondet
745 3883 784 3947 de
803 3884 827 3966 ij
850 3884 936 3948 uitiis
956 3885 1214 3966 provenientibus
1234 3885 1273 3950 de
1293 3885 1435 3950 manerio
1455 3884 1494 3950 de
1515 3885 1645 3949 Nauos.

270 4017 401 4080 Summa
420 4015 455 4100 ij.
496 4015 542 4078 Et
561 4021 727 4078 remanent
747 4014 771 4097 ij
793 4013 872 4078 adri.

307 4147 423 4209 Boves.
464 4148 508 4209 Et
527 4144 568 4208 ds
588 4144 663 4255 xviij
689 4143 790 4208 bobus
821 4145 956 4226 receptis
986 4145 1025 4209 de
1050 4145 1191 4227 predicto
1221 4145 1355 4209 Peenno
1383 4161 1441 4226 per
1469 4141 1645 4226 predictam

269 4277 481 4378 indenturam.
522 4274 568 4337 Et
587 4279 754 4339 remanent
774 4274 849 4360 xviij
872 4275 977 4340 boves.

308 4407 421 4470 Vacce.
462 4406 507 4468 nt
527 4403 567 4468 de
587 4405 621 4488 iij
643 4404 747 4470 vaccis
767 4407 902 4489 receptis
922 4405 962 4470 de
982 4405 1092 4471 eodem
1113 4406 1255 4472 Peenno.
1299 4409 1341 4471 ut
1369 4405 1540 4470 mittentur
1560 4405 1645 4488 apud

270 4537 393 4600 Remu.
435 4535 480 4598 nt
500 4534 580 4597 nihil
600 4540 743 4599 remanet
764 4535 826 4600 hio.

309 4665 504 4749 Esperrsria.
546 4667 589 4731 ut
608 4667 648 4733 de
669 4666 692 4750 ij
708 4667 891 4750 esperveriis
910 4668 1044 4753 receptis
1064 4668 1103 4734 de
1125 4667 1249 4734 redditu
1270 4667 1368 4734 assim
1389 4668 1422 4734 in
1442 4665 1583 4733 manerio
1605 4665 1645 4730 dc
