3932 5498
435 1063 539 1132 Osset.
580 1059 672 1126 Idem
700 1059 869 1146 respondet
900 1063 939 1128 de
965 1057 1021 1145 xlii
1050 1061 1152 1127 osseis
1180 1055 1316 1144 receptis
1335 1061 1374 1126 de
1394 1049 1530 1126 exitibus
1550 1051 1582 1143 vi
1603 1069 1773 1126 emturum

390 1196 436 1262 ub
455 1197 487 1278 xj
508 1195 560 1258 die
580 1194 660 1258 Maii
678 1212 778 1276 usque
797 1195 862 1275 xxij
884 1193 967 1258 diem
987 1193 1076 1257 Junii
1095 1192 1236 1274 proxime
1265 1198 1449 1276 sequentem
1478 1192 1579 1273 primo
1607 1193 1658 1256 die
1687 1212 1770 1256 oom=

390 1333 506 1411 putsto
526 1333 559 1390 et
579 1344 644 1389 non
663 1325 776 1390 ultimo
796 1343 853 1406 per
871 1325 927 1408 xiij
949 1325 1016 1390 diss
1036 1325 1166 1408 quilibet
1186 1343 1298 1388 osseus
1318 1324 1358 1388 de
1377 1325 1517 1408 pondere
1536 1325 1568 1407 vj
1574 1325 1607 1388 5.
1661 1327 1702 1388 ltt
1732 1324 1773 1388 de

390 1459 457 1541 xxij
478 1457 578 1522 osseis
597 1458 732 1538 receptis
751 1456 790 1520 de
810 1457 946 1522 exitibus
965 1457 1020 1538 xiij
1040 1475 1208 1522 veoosrum
1220 1476 1241 1521 o
1253 1457 1317 1538 xxij
1339 1457 1390 1521 die
1409 1455 1499 1521 Iunii
1516 1475 1616 1538 usque
1629 1457 1673 1537 vij
1687 1455 1771 1519 diem

394 1585 472 1656 Iulii
490 1587 631 1670 proxime
652 1593 837 1669 sequentem
864 1586 967 1668 primo
996 1585 1047 1650 die
1077 1591 1261 1668 computato
1281 1594 1314 1650 et
1334 1605 1399 1650 non
1419 1586 1532 1650 ultimo
1551 1607 1609 1668 per
1628 1587 1682 1665 xvi
1702 1585 1770 1648 dies

394 1851 530 1918 exitibus
561 1871 602 1914 xx
632 1868 800 1915 vsoosrum
819 1870 840 1914 s
859 1849 902 1930 vij
923 1845 974 1912 die
994 1849 1072 1913 Julli
1092 1869 1190 1933 usque
1211 1849 1285 1911 xxix
1306 1848 1389 1911 diem
1424 1846 1617 1929 Septembris
1638 1855 1769 1929 utroque

392 1983 444 2048 die
464 1988 646 2063 oomputqto
665 2001 722 2062 per
741 1981 848 2061 lxxviii
869 1982 937 2044 dies
957 1982 1096 2063 quobbet
1115 1982 1167 2044 dle
1180 1981 1214 2061 iij
1228 1982 1330 2045 osseis
1348 1980 1497 2062 ponderis
1517 1979 1597 2042 xxli.
1641 1980 1770 2043 Summe

391 2112 500 2196 oooviij
521 2111 607 2176 ossei
625 2110 837 2192 ponderantes
857 2111 953 2191 oxliiij
975 2117 1082 2192 potres
1101 2111 1147 2192 iiij
1154 2111 1187 2175 ti.
1209 2111 1346 2196 quelibet
1366 2117 1458 2192 petre
1477 2111 1517 2175 de
1536 2111 1602 2192 xiiij
1623 2111 1721 2176 libris.

433 2243 484 2305 De
504 2239 617 2323 qmbue
637 2241 853 2320 computatio
873 2241 997 2305 deoims
1017 2261 1080 2303 xxx
1100 2240 1442 2322 cuseospondersntes
1469 2241 1536 2325 xiiij
1566 2249 1685 2325 petras.
1726 2245 1770 2308 m

394 2503 526 2570 Summe
544 2521 606 2584 que
626 2502 724 2583 prius,
765 2502 810 2564 Et
831 2501 911 2564 nihil
931 2509 1084 2566 remanet.

432 2632 576 2700 Butirus.
617 2634 660 2694 Ilt
680 2631 720 2694 de
748 2627 822 2714 xviij
852 2625 950 2712 petris
978 2631 1076 2696 butiri
1104 2633 1299 2714 receptis-ds
1320 2633 1456 2700 exitibus
1484 2635 1698 2718 predictorum
1728 2658 1770 2702 xx

392 2783 560 2831 vsoosrum
578 2781 637 2844 per
656 2768 782 2843 tempus
800 2761 988 2846 predictum.
1030 2761 1161 2828 Summe
1174 2763 1248 2845 xviii
1262 2769 1361 2844 petre.
1402 2765 1608 2832 Etsenditur
1626 2768 1769 2838 utinlrs„

391 2895 438 2960 m
458 2893 538 2960 nsssil
556 2899 710 2957 menet.

392 3023 498 3107 Opere
517 3023 748 3088 sarculationis.
789 3022 882 3086 Idem
901 3022 941 3088 de
961 3017 1017 3103 liiii
1038 3023 1185 3104 operibus
1214 3024 1434 3090 sarculationis
1452 3027 1711 3108 provenientibus
1730 3031 1769 3097 de

390 3155 465 3237 xviij
487 3153 687 3218 oustumxriis
704 3154 740 3216 ln
760 3153 901 3216 monerio
920 3154 960 3216 de
981 3155 1095 3216 Risus
1115 3155 1212 3236 preoii
1230 3155 1334 3237 operis
1346 3157 1359 3237 j
1373 3157 1424 3224 ob.
1467 3158 1598 3224 Summo
1616 3159 1686 3240 liiii.
1726 3161 1770 3228 Et

393 3283 542 3352 venditur
560 3290 597 3348 ut
616 3282 710 3349 inire..
751 3283 796 3347 Et
816 3281 896 3346 nihil
915 3291 1069 3348 remanet.

434 3411 587 3478 Collectio
612 3412 687 3476 leni
728 3412 820 3479 Idem
845 3413 1015 3495 respondet
1035 3415 1075 3478 ds
1095 3415 1151 3497 liitj
1179 3415 1325 3497 operibus
1353 3418 1395 3482 ed
1423 3417 1533 3484 lenum
1562 3421 1770 3504 colligendum

390 3541 647 3628 provenientibus
660 3542 700 3608 de
713 3541 832 3606 eisdem
852 3543 1053 3608 oustumariis
1072 3545 1169 3626 preoii
1182 3547 1285 3626 operis
1297 3547 1343 3629 jd.
1386 3549 1517 3616 Summo
1529 3551 1684 3634 551255
1697 3573 1769 3620 vsu-

391 3671 478 3736 dilur
497 3676 534 3734 ul
554 3669 646 3734 intro.
688 3671 734 3735 ut
754 3671 834 3734 nihil
853 3681 1006 3737 remanet.

429 3800 549 3866 Messio
568 3798 743 3864 bladorum.
785 3800 875 3864 Idem
894 3802 1064 3882 respondet
1085 3801 1124 3866 de
1145 3805 1229 3887 exilii
1260 3806 1407 3887 operibus
1433 3810 1474 3874 od
1500 3811 1596 3879 bleda
1619 3817 1768 3884 metendo

388 3929 647 4016 provenientibus
666 3929 706 3994 de
726 3929 845 3994 medem
864 3933 1064 3998 eustumsriis
1084 3935 1181 4016 predii
1200 3936 1303 4016 operis
1322 3936 1382 4018 lid.
1426 3938 1557 4006 Summo
1586 3944 1683 4026 exiiij.
1723 3948 1778 4046 st,

392 4060 539 4132 rsuditm
557 4066 594 4130 ut
614 4059 707 4128 uuo.
747 4061 793 4128 Et
814 4059 893 4126 nibil
911 4069 1065 4130 omenes.

1008 4335 1166 4409 CCXXX.

958 4473 1217 4541 Lusowxffl.
1290 4529 1291 4533 ,

394 4605 574 4676 oenum
597 4604 758 4672 Jomsrus
787 4603 936 4671 Gustus
955 4623 1000 4668 nu
1020 4603 1236 4669 anrssrsun
1261 4621 1417 4670 onerosus
1436 4623 1481 4670 os
1501 4607 1706 4676 emonem
1725 4617 1766 4674 rr'

396 4737 745 4809 sementivum
765 4757 809 4804 us
829 4755 982 4804 surmus
1002 4735 1462 4808 mnmnxmsownn
1482 4751 1537 4806 xx⁰
1556 4759 1616 4808 om
1636 4743 1766 4810 Annus
