3956 5488
1472 745 1531 808 299

192 1036 341 1121 ipsorum.
383 1039 428 1104 Et
448 1042 532 1124 quod
545 1041 641 1108 iidem
661 1045 832 1128 burgenses
852 1046 954 1111 nostri
974 1047 1119 1130 distringi
1140 1067 1205 1112 non
1225 1049 1362 1114 debeant
1383 1049 1468 1114 exire
1488 1049 1569 1114 anti·

193 1189 271 1250 quas
289 1170 415 1235 bundas
435 1171 591 1236 libertatis
611 1173 683 1238 ville
703 1175 844 1257 predicte
870 1183 983 1242 contra
1011 1195 1119 1241 eorum
1149 1179 1348 1243 voluntatem
1369 1179 1410 1243 ad
1431 1181 1570 1262 aliquam

195 1299 383 1366 laciendum.
425 1306 469 1366 ut
489 1305 571 1368 tales
591 1312 667 1369 sunt
679 1307 786 1372 bunde
806 1309 967 1394 libertatis¹
983 1329 1102 1375 eorum.
1144 1310 1299 1375 Videlicet
1313 1310 1352 1374 ds
1367 1311 1436 1374 loco
1456 1319 1569 1375 vocato

193 1433 370 1496 Arnnmrm
391 1434 483 1514 juxta
502 1435 729 1502 Lrsranraorrr
748 1439 783 1501 in
802 1446 895 1520 porta
915 1441 1033 1505 boreali
1054 1461 1153 1522 usque
1173 1442 1214 1505 ed
1235 1443 1514 1505 Eresos-erremus
1535 1442 1569 1504 in

191 1568 317 1632 marina
336 1574 429 1648 porte
449 1570 582 1632 sustrali
601 1575 634 1633 ot
654 1571 694 1634 de
715 1572 917 1637 Psrrrreonos
937 1575 970 1635 in
983 1581 1076 1654 porta
1095 1573 1242 1638 orientali
1262 1593 1361 1656 usque
1381 1574 1422 1638 ad
1442 1593 1567 1638 crucem

187 1700 280 1780 juxte
305 1701 420 1762 babes
450 1701 663 1792 predicatores
682 1703 716 1764 in
736 1710 830 1783 ports
850 1704 1048 1768 occidentali.
1090 1704 1134 1768 Et
1156 1705 1240 1787 quod
1260 1705 1367 1769 nullus
1398 1713 1567 1769 extraneus

188 1839 279 1896 extra
299 1831 458 1895 nundinas
477 1834 527 1896 vel
547 1834 650 1897 lorum
669 1835 753 1899 inira
771 1835 896 1900 bundes
928 1837 1086 1917 predictas
1106 1836 1229 1918 eliquat
1256 1837 1493 1900 merobaudisas
1523 1836 1563 1900 de

191 1963 297 2044 sliquo
327 1971 476 2027 extraneo
496 1973 601 2028 emeat
620 1965 682 2029 nisi
701 1973 828 2030 tantum
848 1967 888 2030 de
908 1967 1114 2048 burgensibus
1133 1967 1251 2031 nostris
1270 1967 1311 2030 de
1330 1967 1472 2048 ejusdem
1491 1968 1567 2031 villo

190 2101 334 2176 preterea
353 2095 486 2176 gentiles
506 2097 651 2160 homines
670 2098 711 2161 de
732 2099 935 2162 Gnsnoaosrr
955 2118 1012 2180 pro
1033 2099 1221 2162 victualibus
1252 2118 1360 2162 eorum
1380 2105 1413 2163 et
1433 2118 1497 2162 non
1518 2119 1566 2162 rs·

188 2226 274 2288 tione
287 2225 517 2289 merobaudise.
559 2227 627 2290 Nec
638 2227 751 2310 aliquis
765 2234 874 2292 teneat
888 2229 1005 2310 gildam
1019 2236 1163 2311 apertam
1173 2229 1212 2292 de
1224 2228 1380 2311 aliquibus
1398 2228 1564 2292 merchan-

191 2357 267 2420 disis
288 2376 347 2419 nec
368 2358 533 2420 tabernam
553 2377 612 2422 noc
632 2359 699 2422 cori
718 2359 813 2423 lsciet
833 2359 867 2421 in
886 2359 963 2423 ville
982 2367 1092 2424 nostra
1121 2349 1264 2440 predicta
1290 2357 1353 2422 nisi
1377 2359 1471 2423 luerit
1492 2366 1561 2422 tum

188 2487 338 2567 predictis
357 2487 564 2568 burgensibus
584 2489 702 2552 nostris
722 2489 875 2553 lotentem
896 2495 928 2552 et
949 2495 1145 2554 escoteutem
1170 2490 1253 2553 infra
1273 2488 1390 2571 gildam
1409 2489 1565 2552 libertatis

190 2637 299 2680 eorum
319 2624 474 2699 redeptus.
517 2619 664 2683 Necnon
677 2619 890 2683 concessimus
910 2618 1029 2683 eisdem
1049 2619 1256 2716 burgensibus
1276 2619 1393 2683 nostris
1406 2619 1490 2701 quod
1503 2619 1564 2699 ipsi

191 2755 224 2810 et
243 2749 376 2812 heredes
397 2749 446 2811 sui
466 2749 584 2830 gildam
608 2749 692 2813 inter
711 2769 766 2814 eos
785 2750 888 2813 iacere
912 2757 1044 2831 possent
1064 2769 1126 2830 quo
1146 2757 1287 2830 tempore
1308 2757 1341 2814 et
1360 2752 1562 2833 quandocun-

189 2899 250 2961 que
277 2880 434 2944 voluen‘nt
465 2881 506 2945 sd
536 2883 710 2963 proficuum
743 2883 883 2964 ipsorum
903 2891 937 2946 et
956 2883 1041 2964 quod
1069 2883 1216 2964 distringi
1245 2901 1310 2945 non
1340 2883 1476 2947 debeant
1506 2905 1564 2965 pro

187 3011 294 3076 debito
316 3012 450 3094 alicujus
469 3013 531 3076 nisi
543 3013 701 3077 debitores
722 3020 778 3077 aut
797 3013 892 3096 plegii
911 3033 968 3095 pro
988 3014 1100 3078 eodem
1119 3013 1246 3077 luerint.
1288 3015 1333 3077 Et
1353 3014 1436 3095 quod
1457 3015 1564 3078 nullus

188 3142 327 3206 bellivos
347 3163 403 3207 seu
423 3143 567 3206 minister
592 3150 701 3207 noster
728 3145 832 3207 colore
861 3143 987 3207 ballivis
1008 3144 1058 3206 sui
1078 3143 1343 3206 summoniciones
1363 3163 1419 3207 seu
1440 3145 1562 3207 attech-

187 3275 330 3337 iamenta
349 3272 444 3336 faciet
458 3291 517 3334 nec
530 3273 613 3336 inirs
633 3272 757 3337 bundas
776 3274 974 3370 supradictas
993 3273 1226 3337 districcionsm
1245 3273 1348 3354 capiet
1362 3275 1423 3337 nisi
1437 3281 1565 3340 tantum

187 3403 440 3466 constabularius
472 3403 633 3483 predictus
653 3410 686 3466 et
707 3403 814 3468 bellivi
842 3405 986 3488 ejusdem
1005 3403 1079 3468 ville
1107 3403 1162 3484 qui
1190 3423 1247 3484 per
1277 3403 1362 3484 ipsos
1391 3403 1563 3486 burgenses

188 3535 317 3599 luerunt
337 3534 439 3596 electi.
481 3535 631 3598 Preterea
650 3535 863 3599 concessimus
883 3535 1014 3616 prefatis
1033 3534 1241 3616 burgensibus
1260 3533 1378 3598 nostris
1398 3534 1483 3616 quod
1502 3537 1563 3617 ipsi

186 3673 220 3730 et
239 3665 372 3729 heredes
400 3665 450 3728 sui
478 3664 618 3728 babeant
648 3682 848 3728 communem
877 3671 1042 3745 pasturam
1071 3683 1130 3746 pro
1160 3665 1272 3729 averiis
1302 3665 1368 3759 suis
1387 3666 1421 3728 in
1441 3665 1562 3729 brueris

187 3797 306 3860 nostris
325 3796 446 3860 vocatis
467 3797 624 3858 Mrormnr.
643 3796 745 3858 Hnrn
766 3803 799 3859 et
819 3796 944 3859 Inrrmr
964 3796 1066 3858 Hnrrr
1086 3803 1180 3877 prout
1209 3797 1317 3877 jacent
1337 3815 1394 3877 per
1413 3796 1561 3876 antiques

187 3935 290 3991 metes
304 3933 336 3989 et
349 3925 473 3990 bundas
487 3933 520 3990 et
534 3926 617 4008 quod
637 3926 726 3990 liberi
739 3927 856 3990 falsare
876 3932 1006 4007 possent
1027 3944 1137 3990 omnes
1157 3945 1267 3990 ruscos
1279 3931 1312 3988 et
1324 3925 1431 3988 fodero
1451 3941 1562 3986 omnes

186 4059 294 4138 glebas
314 4077 371 4138 pro
390 4058 543 4122 localibus
564 4077 673 4121 eorum
693 4059 727 4120 in
748 4057 867 4122 eisdem
896 4057 1028 4121 brueriis
1056 4065 1234 4121 crescentes
1255 4061 1287 4120 et
1307 4054 1391 4136 quod
1419 4054 1560 4118 habeant

186 4209 285 4252 unum
305 4188 456 4252 messium
477 4187 518 4251 sd
537 4181 618 4251 bene
638 4195 671 4250 et
691 4187 826 4251 fideliter
845 4187 1086 4250 custodiendum
1105 4187 1264 4268 predictos
1283 4203 1392 4248 roseos
1405 4191 1438 4249 et
1452 4184 1561 4266 glebas

186 4319 270 4402 quod
290 4337 384 4381 nemo
403 4317 520 4380 ibidem
532 4317 628 4380 falcet
642 4337 701 4380 nec
714 4316 822 4381 iodeat
842 4323 986 4398 preterea
1004 4315 1178 4396 burgenses
1198 4315 1271 4378 ville
1291 4320 1399 4378 nostre
1418 4314 1559 4397 predicte

186 4459 218 4515 et
238 4452 267 4514 si
286 4451 408 4530 sliquos
429 4449 507 4512 alios
527 4449 644 4511 rbidem
668 4453 912 4528 menoperarrtos
939 4446 1061 4509 invenit
1089 4445 1175 4525 ipsos
1205 4444 1383 4509 attecbisre
1410 4445 1506 4510 faciet
1527 4451 1560 4509 et

186 4581 329 4645 attachia
347 4585 509 4661 presentet
522 4579 564 4643 ad
576 4577 775 4642 hundredum
788 4577 862 4642 ville
875 4583 984 4641 nostre
1004 4576 1183 4658 supradicte
1197 4583 1230 4640 et
1244 4577 1309 4640 sint
1322 4575 1440 4640 ibidem
1459 4595 1560 4641 amer·

185 4713 262 4777 cisti
274 4711 449 4776 secundum
461 4711 674 4794 quantitatem
687 4708 803 4774 delicti.
834 4709 970 4790 Insuper
982 4709 1195 4774 concessimus
1207 4709 1339 4791 prelatis
1352 4707 1560 4792 burgensibus
