3932 5498
413 773 473 838 tot

366 1075 508 1161 quodem
520 1075 669 1160 feciqnas
682 1075 809 1160 quidem
821 1075 924 1142 dietas
936 1093 1092 1160 expensas
1103 1075 1263 1160 predictus
1276 1066 1592 1140 Msomowanmihi
1605 1063 1744 1154 plenarie

370 1208 509 1272 restitnit
528 1207 576 1270 its
594 1207 679 1288 qnod
692 1225 750 1270 nac
764 1226 822 1288 ego
842 1225 900 1271 neo
920 1205 1051 1270 heredes
1070 1207 1134 1269 mei
1146 1225 1248 1288 neque
1268 1204 1420 1286 assignati
1439 1223 1542 1286 neque
1561 1209 1744 1268 executores

371 1340 435 1401 mei
454 1358 513 1402 nec
534 1339 646 1421 uliquis
672 1338 753 1402 alius
771 1359 828 1420 per
847 1359 898 1403 me
918 1340 969 1404 vel
988 1359 1046 1422 pro
1065 1359 1117 1402 me
1138 1358 1195 1404 seu
1215 1337 1342 1402 nomine
1361 1355 1433 1400 meo
1451 1353 1561 1400 versus
1588 1335 1748 1416 proteum

372 1469 509 1534 Mnnsro
534 1470 619 1532 Wsn
645 1469 776 1533 heredes
806 1488 880 1534 suos
909 1470 961 1534 rol
988 1470 1166 1552 assignatos
1186 1469 1325 1552 aliquam
1352 1467 1510 1531 actionem
1535 1465 1749 1547 calumpniam

367 1601 438 1665 sive
458 1599 648 1664 demandam
667 1599 790 1663 ratione
810 1599 895 1663 dicte
914 1605 997 1664 terre
1017 1601 1082 1664 sive
1108 1600 1264 1663 dictarum
1292 1616 1502 1679 expensarum
1521 1595 1671 1676 instigare
1694 1594 1747 1658 vel

371 1727 487 1792 habere
518 1727 583 1793 sive
613 1727 778 1792 vendicare
806 1727 980 1808 poterimus
1010 1727 1239 1809 inperpetuum.
1292 1727 1333 1790 In
1353 1727 1444 1807 cujus
1463 1725 1509 1788 rei
1529 1725 1748 1788 testimonium

370 1856 571 1940 presentibus
592 1856 729 1937 sigillum
747 1876 855 1920 meum
875 1856 1015 1937 apposni.
1058 1857 1131 1919 Hiis
1144 1857 1279 1920 testibus
1299 1857 1499 1920 anwnroo
1519 1855 1654 1920 Vsormrs
1668 1861 1748 1918 tuno

372 1987 551 2050 Senesoallo
564 1987 604 2050 de
618 1987 753 2050 Krnvsu
791 1987 943 2050 dosassis
964 1987 1081 2050 Tenus
1099 1985 1212 2050 clerico
1246 1985 1375 2049 Wrnrrs
1388 2006 1430 2067 ap
1444 1986 1577 2050 Murrio
1609 1985 1747 2049 Vsousrs
1836 2073 1839 2078 1

371 2104 500 2181 Howud
520 2137 561 2198 ap
582 2117 725 2181 Monens
753 2125 786 2180 et
815 2118 924 2182 multis
955 2118 1035 2182 eliis.
1077 2118 1199 2182 Datum
1231 2118 1316 2199 apud
1345 2117 1482 2180 Krnvnr
1509 2116 1560 2180 die
1581 2115 1751 2180 Dominics

374 2247 516 2329 proxime
534 2255 609 2329 post
628 2247 746 2310 festum
767 2248 871 2313 sancti
892 2249 1034 2314 Gnoson
1053 2248 1204 2331 martyris
1232 2268 1319 2314 suno
1348 2248 1436 2332 regni
1465 2247 1562 2330 Regis
1591 2248 1753 2312 memor

371 2379 428 2444 filii
448 2379 611 2442 Enwssnr
628 2385 750 2460 quarto.
856 2435 860 2442 .

971 2756 1145 2828 CCXXIV.

744 2889 916 2956 CHARTA
936 2892 1126 2956 LEYSANI
1147 2893 1205 2956 DE
1227 2887 1385 2957 Avertit

714 3023 841 3102 [Purus
873 3020 918 3084 H.
940 3021 984 3085 Η.
1020 3022 1139 3086 vana
1171 3022 1392 3102 Berosus-ne]

412 3154 521 3220 Sciant
553 3158 717 3235 presentes
737 3159 770 3214 et
799 3151 898 3214 futuri
929 3152 1012 3233 qnod
1040 3156 1132 3249 [egel
1151 3153 1282 3216 Lnusas
1303 3172 1345 3233 ap
1364 3151 1509 3215 Moesis
1539 3145 1685 3218 domiuus
1706 3155 1750 3220 de

371 3287 486 3350 Amen
506 3285 589 3346 filins
610 3289 642 3346 et
662 3283 755 3346 heres
775 3282 931 3345 Morem
950 3282 1086 3346 vienna
1107 3281 1179 3344 dedi
1199 3281 1340 3344 concessi
1359 3287 1392 3344 et
1411 3281 1473 3344 hac
1492 3283 1632 3363 presenti
1659 3291 1754 3349 curta

371 3435 444 3478 mea
463 3411 645 3476 confirmavi
664 3431 723 3493 pro
741 3431 793 3474 me
807 3417 840 3474 et
853 3411 1021 3474 heredibus
1035 3429 1092 3472 sen
1112 3410 1282 3490 assignetis
1302 3409 1382 3472 meis
1401 3410 1549 3475 omnibus
1569 3411 1754 3494 Angliosnis

371 3519 639 3625 burgensibusst
667 3542 763 3604 etism
794 3541 998 3605 chenceribus
1027 3541 1107 3604 meis
1127 3541 1167 3603 de
1192 3541 1306 3603 svera
1327 3547 1359 3606 et
1380 3561 1489 3605 eorum
1519 3544 1685 3610 heredibus
1717 3558 1752 3613 et

371 3675 540 3756 assignetis
560 3692 670 3737 omnes
689 3673 852 3736 libertates
872 3672 906 3736 in
926 3673 1002 3737 villa
1021 3691 1094 3735 mes
1113 3673 1153 3734 de
1174 3673 1289 3735 Amas
1309 3681 1342 3736 et
1362 3674 1396 3735 in
1416 3680 1486 3737 toto
1506 3674 1645 3740 dominio
1674 3699 1752 3744 meo

369 3809 453 3872 inire
482 3806 599 3871 limites
628 3805 668 3868 de
699 3805 813 3867 Arnen
841 3824 921 3887 quas
951 3805 1070 3868 habeut
1101 3805 1271 3886 burgenses
1302 3806 1342 3869 de
1371 3807 1524 3872 Karene
1553 3809 1587 3872 in
1612 3811 1688 3876 villa
1708 3815 1753 3880 de

371 3943 525 4006 Knmrro
558 3945 591 4003 et
624 3937 707 4001 inira
739 3936 914 4000 dominium
942 3937 1062 4000 domini
1088 3938 1216 4002 ,comitis
1245 3939 1438 4002 Guovnnam
1468 3947 1500 4004 et
1529 3942 1753 4010 Ennomus

372 4078 527 4155 quantum
547 4069 581 4132 in
600 4089 652 4132 me
672 4075 732 4131 est.
773 4069 818 4130 Et
849 4069 970 4131 dabunt
991 4073 1063 4132 octo
1088 4069 1219 4150 lugenss
1239 4068 1279 4132 de
1299 4071 1438 4151 quolibet
1458 4071 1588 4136 bracino
1607 4094 1664 4156 pro
1683 4096 1755 4142 ser-

371 4201 453 4266 vicio
480 4197 654 4262 molendini
674 4205 706 4261 et
726 4217 784 4278 pro
805 4198 907 4261 assisa
935 4198 1014 4260 mihi
1034 4206 1067 4262 et
1087 4199 1254 4262 heredibus
1275 4206 1307 4263 et
1329 4201 1498 4281 assignatis
1530 4205 1620 4268 meis.
1663 4211 1754 4272 Con-

369 4331 451 4398 ossei
480 4330 579 4394 etism
606 4347 665 4410 pro
693 4348 744 4392 me
764 4335 797 4390 et
817 4328 984 4392 heredibus
1003 4329 1083 4392 meis
1103 4337 1136 4392 et
1167 4329 1335 4411 assignatis
1362 4332 1513 4412 predictis
1541 4336 1756 4419 burgensibus

370 4466 403 4524 et
422 4457 627 4520 cheneeribus
645 4458 725 4521 meis
745 4457 784 4521 de
806 4459 918 4522 Avares
932 4466 964 4523 et
978 4479 1087 4522 eorum
1106 4461 1273 4526 heredibus
1286 4469 1318 4525 et
1339 4463 1509 4544 assignatis
1527 4465 1624 4531 libere
1643 4470 1758 4551 quiete

372 4591 453 4654 bene
473 4593 506 4650 et
526 4587 560 4648 in
579 4605 657 4667 pace
688 4587 756 4650 sine
784 4589 890 4670 alique
922 4589 1103 4671 culumpnia
1131 4591 1286 4672 bousbote
1312 4599 1345 4656 et
1372 4593 1510 4675 heybote
1537 4597 1571 4660 in
1601 4601 1757 4669 omnibus

372 4703 553 4784 nemoribus
581 4715 746 4782 hominnm
776 4736 918 4782 meorum
938 4717 977 4782 de
998 4739 1049 4784 me
1077 4721 1257 4786 tenentium
1283 4728 1315 4786 et
1336 4721 1525 4806 optinebunt
1549 4743 1760 4803 communem
