3986 5502
1509 765 1565 828 137

233 1063 470 1128 dmuorsrnrn
489 1070 523 1127 et
543 1061 760 1127 Burrenum
785 1061 824 1128 de
855 1061 1016 1129 murum
1036 1069 1068 1128 et
1087 1082 1266 1147 proponens
1296 1065 1373 1129 iliud
1401 1065 1544 1130 dirimere
1570 1073 1602 1135 et

234 1194 379 1258 tetuliter
406 1201 604 1274 prosternere
622 1193 707 1256 idem
726 1199 867 1258 cestrum
891 1192 1048 1258 obsederit
1070 1200 1103 1258 et
1115 1193 1200 1260 idem
1220 1193 1334 1260 Comes
1353 1193 1462 1258 suditc
1481 1212 1605 1266 rumore

235 1322 430 1388 obsessionis
451 1324 536 1386 iiiius
557 1323 599 1386 ed
620 1341 679 1387 nos
698 1323 818 1388 uenerit
839 1328 872 1386 st
890 1321 1048 1388 instanter
1066 1323 1192 1406 petierit
1212 1323 1296 1408 quod
1309 1343 1381 1412 cum
1394 1323 1461 1406 ipse
1474 1331 1605 1408 postus

236 1463 325 1518 esset
344 1462 484 1518 cestrrm
503 1455 582 1518 iilud
601 1455 635 1516 in
654 1473 786 1518 menum
799 1460 942 1520 nostrum
961 1453 1090 1520 reddere
1109 1453 1188 1522 iliud
1201 1453 1242 1522 sb
1254 1454 1323 1538 ipso
1336 1453 1523 1538 recipiemus
1536 1461 1605 1541 teu·

236 1586 357 1650 endum
377 1604 537 1668 quousque
557 1584 680 1666 pretato
709 1584 888 1648 Luwunuuc
908 1591 941 1650 et
962 1583 1021 1650 sebi
1040 1583 1080 1653 de
1099 1584 1169 1666 iure
1188 1585 1272 1668 quud
1296 1584 1381 1650 idem
1409 1584 1606 1666 ,insumus

236 1711 356 1780 hebere
374 1716 492 1778 olcmst
511 1715 546 1778 in
565 1721 670 1778 cestre
689 1713 830 1795 predicto
854 1712 983 1794 iusticie
1009 1712 1212 1792 exhiberetur
1238 1714 1331 1796 iuuit
1357 1714 1492 1790 Iormsur
1519 1714 1608 1797 punis

238 1845 441 1908 internosci
454 1845 590 1908 eundem
610 1843 816 1907 Iumumurr
835 1841 914 1906 inite
927 1849 961 1908 et
974 1842 1141 1918 &mutnet
1155 1843 1329 1926 mundum
1349 1843 1434 1928 leges
1452 1847 1604 1936 merobis,

237 1973 470 2056 propterquod
489 1993 548 2036 nos
567 1971 797 2054 perpendentes
817 1969 901 2053 qued
921 1989 960 2034 ex
980 1971 1161 2050 obscedere
1180 1971 1236 2036 ille
1248 1983 1282 2048 et
1296 1973 1540 2070 cengssecione
1555 1993 1606 2040 ex·

236 2106 356 2169 eroitus
364 2105 534 2167 stnnrm
545 2101 678 2184 predicti
691 2107 724 2163 et
736 2099 982 2182 congregacione
995 2098 1166 2178 punicorum
1179 2106 1212 2168 st
1224 2119 1317 2184 poete
1330 2101 1463 2187 predicti
1475 2103 1609 2190 Comitis

238 2242 369 2319 possent
389 2235 491 2316 grecis
511 2233 653 2296 turbccio
666 2237 699 2296 et
712 2249 825 2313 guerre
837 2229 871 2294 in
883 2228 1027 2312 pertibus
1045 2230 1186 2310 murchin
1200 2237 1232 2296 et
1247 2231 1322 2296 ebbi
1341 2252 1399 2316 per
1411 2238 1608 2328 potestetem

237 2376 380 2431 nostrum
405 2365 538 2428 suboriri
567 2370 741 2428 uncturum
768 2361 950 2442 diligentem
978 2359 1146 2438 bebuimps
1176 2361 1409 2442 cumconsilio
1439 2368 1549 2440 nostro
1575 2369 1608 2446 qt

236 2497 428 2579 providimus
457 2494 542 2577 quod
571 2499 713 2558 cestrum
741 2491 820 2560 iilud
849 2491 993 2572 capietur
1012 2498 1046 2556 et
1065 2492 1242 2566 retineretur
1262 2492 1296 2556 in
1316 2513 1414 2558 menn
1444 2500 1555 2561 nosue
1574 2501 1607 2568 et

237 2627 323 2710 quod
342 2629 386 2689 B:
408 2626 568 2689 Ocnuun'
590 2633 623 2688 et
643 2625 737 2686 Lron'
759 2628 792 2687 st
813 2623 860 2689 G:
883 2623 1032 2687 Wrcoeu'
1054 2623 1193 2705 episcopi
1210 2623 1370 2706 preintum
1400 2624 1608 2722 Mmmug

238 2759 363 2823 odirent
382 2766 415 2821 et
435 2759 541 2838 ipsum
560 2775 599 2819 er
618 2761 710 2837 perte
730 2759 843 2818 nostre
862 2753 1047 2826 inducerent
1060 2760 1098 2818 ut
1112 2751 1152 2817 cb
1172 2752 1353 2830 obsessione
1371 2753 1429 2820 ills
1448 2753 1607 2832 recederet

236 2889 294 2972 qui
314 2888 359 2950 sio
380 2887 420 2948 ed
433 2884 621 2951 mendcium
640 2889 785 2946 nostrum
804 2882 946 2946 iecerunt
960 2888 1080 2946 etcum
1097 2881 1168 2964 ipso
1188 2888 1361 2948 uerutum
1381 2882 1455 2948 inde
1475 2883 1606 2968 hebuer-

237 3026 307 3082 nnt.
348 3019 393 3080 ut
412 3017 487 3080 iicet
506 3015 591 3078 idem
610 3014 810 3077 Iruwnnneus
830 3013 1047 3095 perpendisset
1074 3011 1157 3094 quod
1187 3019 1328 3077 cestrum
1353 3012 1434 3076 iliud
1462 3013 1608 3106 dirimeqs

234 3157 270 3214 et
283 3149 410 3231 penitus
430 3154 628 3228 prosternere
647 3145 802 3226 potensest
813 3143 899 3210 inne
918 3143 1051 3216 tercium
1071 3143 1155 3209 diem
1175 3142 1283 3224 tqiiter
1300 3143 1429 3228 interae
1443 3143 1605 3223 ordinm.

235 3287 311 3344 runt
324 3279 407 3362 qued
427 3286 567 3342 oestrum
586 3276 665 3340 iliud
684 3282 861 3340 remuneret
875 3275 909 3340 in
920 3281 1150 3344 menoeceus
1162 3275 1196 3339 in
1210 3275 1321 3342 eodem
1342 3281 1430 3349 stetu
1450 3295 1512 3356 quo
1527 3281 1607 3366 tuuc

236 3409 298 3473 icit
310 3417 347 3473 ut
359 3409 393 3472 in
406 3408 505 3472 muris
524 3407 653 3472 inseetis
672 3405 858 3475 bretuschiis
877 3404 1065 3472 strumene
1077 3411 1111 3468 et
1125 3404 1196 3472 eliis
1214 3403 1263 3469 ite
1281 3405 1365 3489 qued
1384 3405 1481 3491 nichil
1499 3425 1604 3488 reper-

236 3547 309 3604 etur
328 3540 520 3604 exeltsretur
539 3537 756 3602 tundentur
775 3535 1042 3602 neomeniarum
1061 3535 1111 3604 vel
1131 3535 1194 3610 elic
1213 3535 1308 3600 modo
1337 3542 1442 3618 sistus
1461 3536 1515 3601 ille
1534 3555 1604 3602 mu·

233 3677 358 3734 teretur
377 3671 458 3733 citra
477 3669 668 3751 quindenum
694 3667 743 3732 sti
771 3667 933 3730 domme
962 3666 1101 3748 bcpiieie
1127 3666 1274 3748 perimo
1304 3666 1443 3732 futurum
1469 3667 1506 3732 iu
1541 3688 1604 3758 qus

234 3801 396 3884 quindeno.
415 3800 546 3882 predicti
565 3799 704 3881 episcopi
730 3798 873 3880 pertibus
900 3797 985 3861 diem
1010 3799 1204 3880 prebuerunt
1233 3798 1319 3882 opud
1337 3799 1453 3863 vudum
1473 3797 1604 3873 Mortuis

236 3933 369 3996 uenum
390 3931 431 3995 ed
451 3930 627 3994 iaciendum
647 3929 720 3992 iude
740 3937 772 3992 st
791 3927 1002 4010 recipiendum
1021 3929 1181 4010 iustioism
1200 3929 1291 4009 juxte
1310 3928 1443 4010 iormgm
1460 3925 1549 4008 pscis
1569 3933 1602 3995 et

237 4061 322 4144 leges
340 4060 490 4124 merobis.
529 4059 574 4122 ut
593 4055 726 4139 predicti
745 4057 882 4140 episcopi
911 4057 953 4120 L:
984 4055 1026 4120 sd
1050 4056 1111 4120 boo
1131 4076 1204 4121 cum
1223 4075 1340 4138 mogus
1358 4055 1542 4118 difficultate
1555 4053 1601 4118 in·

237 4192 332 4254 ducto
351 4198 491 4254 oestrum
510 4189 588 4251 iilud
608 4209 629 4252 c
648 4188 881 4256 constabulario
901 4187 1043 4270 ejusdem
1061 4188 1155 4270 juxte
1183 4193 1325 4251 tenorem
1353 4185 1514 4248 humum
1533 4203 1602 4266 prs·

234 4322 314 4384 dicti
342 4319 474 4384 Comitis
501 4317 560 4383 sibi
589 4337 682 4399 super
711 4317 772 4382 hoc
801 4333 858 4400 per
884 4317 1023 4400 predstcs
1048 4317 1213 4399 episcopos
1241 4313 1386 4381 treditmi
1410 4314 1444 4378 in
1471 4333 1602 4380 menum

236 4457 378 4512 nostrum
396 4452 581 4528 receperunt
601 4451 635 4510 et
654 4445 732 4509 illud
752 4445 938 4528 quibusdem
950 4443 1071 4524 de-suis
1089 4443 1313 4512 commiserunt
1333 4463 1494 4530 quousque
1507 4446 1603 4532 eliqui

159 4565 165 4576 ’
237 4581 277 4644 de
305 4578 420 4643 neuris
447 4577 565 4640 ibidem
594 4575 738 4641 venirent
758 4581 790 4640 et
820 4581 960 4644 eurum
979 4573 1058 4652 iilud
1074 4573 1119 4654 sb
1137 4573 1185 4640 eis
1203 4573 1377 4658 reciperem
1397 4575 1485 4640 etin
1505 4595 1602 4647 menn

236 4714 348 4772 nosue
367 4707 561 4772 emudimnt
581 4707 615 4772 in
636 4705 737 4772 ierms
754 4703 905 4787 predicte
946 4703 1296 4788 uenuqnebnlerius
1317 4703 1394 4772 dieti
1414 4703 1545 4772 comus
1565 4702 1604 4766 de
