3986 5502
992 1000 1169 1070 CLXVIII.

628 1133 767 1204 GARIA
789 1135 932 1201 ADAMI‘
950 1135 1060 1216 FILII
1079 1133 1220 1198 ADAMI
1240 1133 1373 1198 rselc
1393 1131 1521 1199 VOGH.

618 1281 620 1286 ’
869 1270 971 1350 [Anm
994 1255 1120 1332 dms:
1142 1267 1192 1330 24.
1215 1265 1302 1345 Μ]

444 1395 552 1460 ssent
578 1403 741 1478 presentes
754 1404 786 1460 et
799 1395 897 1460 futuri
928 1397 1013 1478 qnod
1026 1415 1083 1476 ego
1097 1393 1199 1476 Auru:
1211 1393 1294 1456 filius
1308 1394 1379 1456 Aen
1393 1393 1498 1457 Ysmo
1517 1393 1610 1457 Vocn
1614 1439 1688 1456 ......
1691 1391 1764 1456 dedi

405 1533 438 1591 et
458 1525 599 1589 concessi
619 1531 651 1588 et
669 1525 731 1588 hac
750 1525 889 1606 presenti
909 1531 998 1587 carta
1023 1544 1096 1586 mec
1117 1523 1305 1586 confirmavi
1329 1523 1454 1585 Mmoru
1479 1522 1519 1585 da
1545 1523 1673 1585 Remus
1699 1529 1764 1585 tres

403 1675 493 1720 acrae
513 1661 595 1718 terre
615 1663 648 1718 et
667 1655 829 1718 dimidiam
849 1675 955 1718 acram
974 1661 1057 1717 terra
1077 1653 1203 1716 arabilis
1217 1660 1250 1717 et
1263 1673 1360 1716 unam
1386 1673 1492 1715 acram
1510 1654 1594 1733 prati
1613 1671 1686 1714 cum
1698 1670 1763 1714 om·

404 1784 496 1848 nibus
523 1759 723 1865 pertinenciis
754 1783 819 1847 suis
839 1784 878 1846 de
898 1783 995 1846 bbere
1026 1788 1206 1844 tenemento
1231 1801 1302 1844 meo
1327 1782 1361 1842 in
1386 1781 1477 1844 feodo
1502 1781 1541 1843 de
1570 1781 1762 1846 Dmssrors.

403 1915 472 1992 Quo
491 1913 616 1994 quidem
635 1912 775 1993 predicte
794 1911 860 1975 'tres
881 1931 952 1974 acre
966 1918 998 1974 et
1012 1909 1141 1973 dimidia
1159 1931 1233 1973 cora
1251 1917 1332 1973 terre
1352 1912 1458 1990 jacent
1479 1910 1537 1974 sub
1557 1931 1622 1974 una
1641 1913 1765 1976 cultura

404 2043 487 2106 inlrs
519 2049 637 2105 terram
670 2061 730 2123 que
762 2049 894 2105 vocatur
926 2042 1063 2103 Berosus
1084 2047 1116 2104 et
1136 2041 1355 2121 proximiorem
1368 2042 1492 2103 'terram
1518 2049 1595 2104 tuno
1617 2043 1687 2103 Anu
1708 2041 1765 2104 filii

403 2167 564 2236 Deumnrs
583 2172 678 2233 Burro
696 2190 807 2234 versus
827 2171 1021 2233 occidentem
1041 2177 1074 2232 et
1094 2175 1211 2232 terram
1236 2190 1341 2232 meam
1365 2189 1473 2233 versus
1499 2171 1653 2234 orientem
1681 2171 1765 2233 unde

402 2322 501 2366 unum
527 2309 622 2382 caput
647 2320 681 2364 se
706 2301 808 2364 tendit
838 2321 946 2364 versus
973 2301 1125 2364 borielem
1154 2321 1252 2380 usque
1278 2301 1555 2364 terremotus
1576 2308 1608 2364 et
1629 2301 1763 2363 alterum

401 2439 496 2514 capnt
516 2451 625 2496 versus
651 2433 813 2494 meridiem
842 2452 940 2511 usqne
967 2432 1050 2512 apud
1079 2431 1127 2492 Im
1155 2432 1256 2494 Lumo.
1298 2431 1445 2493 Predicta
1473 2451 1546 2494 acra
1574 2437 1656 2494 terre
1680 2432 1766 2512 prati

401 2581 473 2624 cum
486 2563 685 2643 pertinenciis
698 2563 781 2642 jacet
796 2561 898 2641 [inira]
907 2569 1032 2642 pretum
1045 2583 1150 2623 meum
1160 2568 1192 2623 et
1200 2561 1420 2643 proximiorem
1433 2569 1550 2625 terram
1563 2583 1622 2644 quc
1635 2570 1767 2625 vocatur

403 2691 629 2754 Memnocones
650 2713 759 2755 versus
780 2653 974 2754 occidentem
987 2693 1071 2754 unde
1084 2713 1183 2753 unum
1203 2699 1298 2771 caput
1319 2691 1422 2753 tendit
1436 2711 1470 2754 se
1483 2712 1592 2755 versus
1612 2693 1766 2756 orientem

401 2820 443 2884 sd
461 2827 589 2900 pratum
608 2827 684 2881 tunc
706 2819 863 2881 Wsnnnar
881 2815 922 2881 de
944 2823 1053 2884 cocart
1074 2827 1106 2882 et
1126 2839 1235 2881 versus
1255 2783 1450 2882 occidentem
1471 2819 1512 2884 ad
1524 2821 1660 2902 primum
1679 2821 1765 2903 quod

399 2956 449 3014 cst
468 2969 584 3012 meum.
626 2948 776 3010 Tenenda
796 2955 828 3011 et
848 2948 994 3010 habenda
1020 2948 1059 3010 de
1079 2969 1130 3010 me
1158 2955 1190 3010 et
1218 2948 1385 3011 heredibus
1409 2950 1487 3012 meis
1515 2951 1567 3013 vel
1594 2951 1764 3034 assignetis

397 3081 476 3143 mais
496 3080 555 3142 sibi
576 3087 609 3142 ct
627 3077 793 3142 heredibus
808 3079 873 3142 suis
891 3080 940 3142 vel
961 3078 1129 3162 assignatis
1150 3079 1215 3140 suis
1233 3077 1328 3140 bbere
1342 3079 1446 3159 quiete
1460 3079 1588 3158 pacifice
1601 3080 1721 3162 integre
1730 3091 1763 3146 et

396 3213 466 3292 jure
479 3210 668 3272 heredItsrio
689 3209 908 3289 inperpetuum
927 3208 960 3269 in
973 3207 1032 3270 viis
1045 3208 1079 3268 in
1094 3207 1213 3268 semitis
1227 3213 1259 3268 et
1272 3207 1410 3286 pasturis
1424 3214 1456 3270 et
1476 3209 1669 3273 aisiamentis
1683 3217 1715 3273 ct
1728 3212 1763 3275 in

399 3338 544 3401 omnibus
564 3337 770 3399 libertatibus.
813 3337 984 3399 Reddendo
998 3337 1072 3397 inde
1086 3337 1250 3397 annuatim
1270 3336 1337 3415 ipse
1351 3343 1383 3397 et
1397 3335 1527 3398 heredes
1541 3338 1590 3400 sui
1602 3340 1653 3402 vel
1666 3341 1761 3420 assig-

399 3467 468 3529 nati
488 3467 537 3530 sui
556 3467 680 3528 mihist
694 3467 861 3528 heredibus
881 3468 960 3529 meis
979 3467 1029 3529 vel
1050 3463 1218 3546 assignetis
1238 3466 1316 3527 meis
1338 3485 1392 3527 sex
1413 3467 1559 3530 denarios
1580 3469 1700 3548 argenti
1720 3469 1762 3531 ed

397 3595 513 3658 festum
548 3595 655 3657 Sancti
690 3595 877 3658 Mtcsnunrs
909 3615 966 3675 pro
997 3595 1142 3658 omnibus
1176 3595 1312 3656 serviciis
1338 3595 1472 3675 querelis
1492 3597 1586 3658 sectis
1606 3573 1762 3660 curiarum

400 3724 680 3788 consuetudinibus
710 3732 743 3787 et
776 3725 921 3787 omnibus
955 3725 1025 3787 aliis
1058 3724 1250 3788 secularibus
1271 3724 1443 3788 domandis.
1486 3727 1548 3788 Pro
1573 3727 1634 3788 biis
1654 3735 1762 3790 sutem

399 3855 571 3919 donatione
596 3855 796 3918 concessione
830 3863 862 3920 et
892 3864 982 3938 carte
1015 3875 1084 3916 mee
1118 3855 1354 3917 confirmatione
1380 3855 1540 3935 predictus
1569 3856 1658 3918 Mmo
1682 3857 1761 3918 mihi

398 3986 486 4050 dedit
519 3953 726 4067 quodraginta
764 3995 796 4049 ct
829 3995 964 4069 quatuor
1002 3987 1118 4049 solidos
1160 3985 1379 4065 sterlingorum
1420 3983 1631 4066 premunibus.
1692 3985 1761 4067 Ego

398 4135 472 4179 vero
504 4115 664 4196 predictus
699 4117 793 4176 Anser
826 4115 909 4176 filine
937 4115 1008 4177 Ans
1043 4112 1155 4177 Ysmo'
1182 4115 1274 4177 Voou
1283 4160 1557 4178 .....................
1565 4122 1597 4177 et
1630 4115 1762 4181 heredes

397 4247 461 4309 mei
493 4245 543 4307 vel
578 4228 735 4326 essignati¹
761 4247 824 4307 mei
857 4245 997 4326 predicto
1031 4245 1156 4306 Mmoru
1189 4243 1228 4306 de
1262 4245 1390 4306 Rmorrr
1423 4251 1456 4308 et
1489 4243 1656 4307 heredibus
1694 4247 1761 4309 suis

400 4375 450 4437 vel
484 4373 651 4454 assignatis
664 4367 750 4437 ''suIs
770 4369 940 4454 ¹predictas
979 4380 1044 4436 tres
1078 4394 1167 4436 acras
1201 4380 1233 4435 ct
1267 4373 1428 4436 dImidiam
1467 4393 1573 4436 acram
1611 4381 1693 4438 terre
1726 4385 1760 4440 et

401 4505 575 4586 predictam
596 4526 701 4567 acrem
734 4512 816 4566 terre
836 4503 920 4584 prati
953 4523 1026 4564 cum
1053 4502 1197 4564 omnibus
1225 4501 1425 4584 pertinenciis
1446 4501 1510 4564 suis
1531 4523 1586 4582 per
1605 4511 1707 4567 metae
1726 4513 1761 4569 et

400 4637 524 4700 bundas
558 4637 638 4700 sicut
672 4635 769 4698 divise
804 4641 879 4697 sunt
911 4623 969 4715 pro
1002 4631 1142 4713 predicto
1176 4603 1300 4693 redditu
1319 4638 1351 4692 et
1372 4631 1544 4694 secundnm
1572 4632 1705 4696 formam
1724 4635 1759 4697 in

403 4765 548 4831 ommbus
580 4765 785 4845 prescriptam
818 4769 929 4826 contra
955 4781 1063 4826 omnes
1097 4767 1206 4842 gentes
1233 4761 1452 4840 inperpetuum
1479 4733 1761 4829 'commorimur
