3932 5498
426 723 484 786 170

384 1023 470 1087 ditur
490 1024 531 1088 ad
552 1027 669 1088 terram
689 1021 830 1088 Hownnr
850 1019 1033 1086 mmmm
1053 1019 1156 1086 altera
1182 1019 1337 1086 medietas
1365 1020 1461 1087 sirmb
1487 1021 1582 1086 modo
1611 1020 1764 1087 mrcuitnr

384 1161 471 1220 terra
483 1154 626 1239 ejusdem
639 1153 747 1228 Ysmo
759 1157 849 1235 parte
863 1171 927 1235 qna
939 1159 1035 1234 capnt
1049 1152 1187 1216 amunte
1201 1153 1383 1216 extenditur
1396 1153 1437 1216 ad
1449 1159 1567 1216 terram
1587 1153 1763 1216 secularem

385 1285 516 1350 ecclesie
536 1285 576 1348 de
596 1285 764 1350 menone.
805 1283 998 1348 Habendam
1010 1290 1043 1347 et
1057 1283 1229 1348 tenendam
1248 1283 1367 1348 dictam
1387 1285 1549 1348 dimidiam
1570 1305 1678 1350 acram
1698 1285 1761 1348 sibi

384 1423 418 1480 et
438 1415 606 1480 heredibus
626 1415 692 1478 suis
712 1433 791 1496 quos
810 1414 850 1478 de
870 1413 957 1478 diota
976 1413 1109 1477 Ysosna
1129 1413 1295 1479 suscitabit
1314 1415 1355 1477 de
1367 1433 1418 1478 me
1438 1421 1471 1478 et
1491 1413 1660 1478 heredibus
1680 1414 1762 1476 meis

385 1548 437 1612 vel
456 1546 626 1628 assignatis
645 1545 743 1609 libere
763 1545 868 1627 quiete
887 1545 968 1608 bene
987 1545 1116 1626 pacifice
1137 1545 1257 1626 integre
1282 1545 1353 1625 jure
1371 1545 1562 1609 hereditario
1582 1545 1651 1608 sine
1671 1545 1762 1608 omni

387 1677 568 1760 calumpnia
587 1680 620 1741 et
641 1677 850 1740 diminutione
870 1675 1100 1757 inperpetuum.
1142 1675 1316 1739 Beddendo
1335 1675 1409 1739 inde
1429 1675 1596 1740 annuatim
1623 1675 1705 1738 milri
1725 1683 1761 1739 et

385 1807 554 1874 heredibus
572 1807 652 1871 meis
676 1807 727 1872 vel
755 1789 924 1886 assignatis
943 1804 1011 1886 ipae
1031 1811 1064 1868 et
1083 1805 1215 1868 heredes
1235 1805 1285 1869 sni
1304 1806 1355 1870 vel
1375 1805 1528 1887 assignati
1556 1812 1622 1868 tres
1650 1805 1763 1868 obolon

387 1937 429 2000 ad
448 1937 565 2000 testum
595 1936 698 2000 sancti
723 1936 911 2000 Mronaams
930 1953 988 2015 pro
1008 1933 1155 1998 omnibus
1183 1935 1322 1998 seruatis
1351 1933 1476 1998 releviis
1505 1934 1635 1997 heristis
1664 1935 1762 1998 sectis

387 2067 546 2131 curiarum
576 2065 691 2129 wardia
720 2065 869 2146 talliagiis
897 2063 1177 2128 consuetudinibus
1205 2063 1421 2130 exactionibus
1441 2071 1474 2128 et
1494 2063 1683 2128 omnimodis
1704 2065 1759 2128 de-

385 2198 511 2263 mendis
544 2197 747 2262 secularibus.
800 2195 834 2260 Si
863 2215 938 2259 vero
958 2195 1044 2260 dicta
1064 2197 1197 2260 Ysorms
1216 2215 1304 2260 soror
1333 2216 1406 2262 mea
1434 2198 1503 2261 sine
1527 2197 1696 2260 heredibus
1722 2197 1765 2260 de

385 2327 511 2409 proprio
532 2345 662 2408 corpore
681 2325 732 2390 vel
745 2331 832 2388 certo
852 2325 1014 2405 assignato
1034 2325 1204 2389 decesserit
1224 2331 1294 2390 tota
1312 2326 1400 2391 diota
1419 2325 1548 2390 dimidia
1567 2346 1643 2391 acra
1655 2326 1697 2390 ad
1710 2347 1765 2390 me

387 2463 420 2520 et
441 2456 482 2520 ad
503 2457 636 2520 heredes
662 2473 751 2519 meos
772 2454 840 2518 sine
859 2453 947 2518 omui
976 2455 1202 2536 impedimento
1229 2463 1413 2520 revertetur.
1459 2459 1530 2538 Ego
1557 2477 1632 2522 vero
1660 2458 1768 2524 dictus
1795 2435 1798 2442 ⁴

386 2589 590 2652 munna
609 2563 642 2649 et
663 2584 798 2648 heredes
816 2585 881 2650 mei
899 2584 1075 2667 predictam
1095 2585 1257 2648 dimidiam
1277 2606 1384 2650 acram
1409 2586 1495 2651 dicto
1524 2587 1712 2652 Wmnnnrro
1733 2597 1768 2653 et

386 2717 554 2782 heredibus
574 2716 640 2782 suis
660 2734 739 2797 quos
758 2717 798 2780 de
818 2715 904 2780 dicta
924 2717 1057 2780 Yscrms
1075 2737 1149 2782 vero
1168 2717 1307 2798 legitime
1326 2717 1503 2802 procreabit
1523 2725 1635 2782 conus
1655 2739 1771 2784 omnes

386 2849 532 2916 homines
551 2857 585 2914 et
604 2849 738 2914 feminas
758 2849 1036 2914 warantizabimus
1057 2850 1307 2932 acquietabimus
1327 2857 1360 2914 et
1380 2851 1586 2914 defendemus
1605 2853 1767 2932 inperpet-

386 2999 474 3046 uum.
516 2981 561 3043 Et
581 2986 617 3045 ut
637 2980 698 3044 bac
717 2999 790 3043 mea
809 2979 939 3043 donatio
959 2979 1120 3042 concessio
1141 2986 1174 3042 et
1193 2981 1350 3061 presentis
1370 2987 1457 3044 carte
1476 2999 1547 3044 mee
1566 2981 1768 3046 confirmatio

387 3112 484 3176 robur
515 3115 667 3192 perpetue
699 3109 859 3172 firmitatis
892 3108 1035 3190 optineat
1065 3109 1139 3172 hnic
1167 3109 1309 3191 presenti
1343 3111 1460 3191 scripto
1491 3111 1627 3192 sigillum
1657 3131 1767 3174 menni

390 3243 531 3326 spposm.
573 3242 647 3306 Hiis
677 3241 813 3304 testibus
834 3239 970 3302 limosa
990 3239 1031 3303 de
1051 3240 1160 3302 Rnoru
1200 3241 1368 3305 Wsnrnao
1389 3240 1430 3303 de
1449 3241 1559 3305 Rsorn
1600 3241 1770 3306 wirma

394 3375 434 3438 de
455 3374 565 3438 (loom
605 3371 751 3434 momen
771 3369 837 3432 lilio
857 3369 1019 3433 Gaurum
1058 3368 1176 3431 Tuom
1197 3368 1237 3431 de
1257 3369 1414 3433 Lmoocu
1435 3375 1468 3433 et
1489 3369 1570 3434 aliis.

977 3739 1187 3804 CLXXXIX.

395 3870 533 3938 ossas
564 3869 741 3936 onoma
772 3868 863 3935 sun:
899 3867 1156 3948 stanuum
1184 3867 1245 3932 nn
1277 3867 1518 3934 nmooonn
1553 3867 1769 3934 warnero
1892 3841 1899 3858 '

995 3999 1168 4066 Hom.

859 4129 964 4210 [Arm
986 4129 1114 4194 cumr:
1137 4129 1187 4192 24.
1210 4127 1302 4209 lli]

433 4264 543 4330 Sciant
562 4267 728 4345 presentes
741 4266 774 4325 et
787 4259 886 4325 futuri
905 4258 990 4342 quod
1010 4277 1068 4342 ego
1089 4259 1225 4324 Gnornss
1244 4257 1311 4322 filia
1331 4257 1523 4321 Annam
1536 4257 1576 4321 de
1590 4257 1773 4324 Lasnoons

394 4393 522 4460 vendidi
541 4393 683 4458 concessi
702 4395 758 4474 [et]
780 4390 902 4456 dimissi
921 4409 1019 4454 uuam
1039 4409 1147 4454 aeram
1159 4395 1243 4454 terre
1263 4389 1391 4454 arabilis
1404 4407 1477 4454 cum
1489 4389 1690 4472 pertinentiis
1710 4394 1777 4459 suis

398 4523 566 4588 Wsnrsao
586 4523 711 4588 Pmm
730 4529 763 4587 et
783 4523 863 4588 dnos
883 4521 1031 4587 denarios
1049 4521 1192 4586 redditus
1222 4521 1321 4586 annui
1339 4539 1397 4603 pro
1416 4520 1528 4603 vip'nti
1557 4521 1668 4588 solidis
1696 4531 1774 4590 ster·

400 4653 558 4737 mamam
577 4652 656 4720 milri
677 4653 880 4737 premanibus
899 4652 1032 4737 pacatis.
1073 4652 1143 4735 Qua
1163 4671 1238 4717 acra
1257 4652 1341 4736 jacet
1361 4651 1396 4716 in
1415 4651 1507 4716 leode
1526 4651 1566 4716 de
1588 4651 1772 4722 mee-
