3986 5502
575 1101 581 1113 .
975 1041 1102 1108 cxxv.
1337 1105 1340 1110 ,

315 1129 532 1240 'emorm
565 1173 712 1240 nomm
745 1171 863 1238 enon
897 1173 1033 1238 monn
1065 1171 1154 1239 mo:
1190 1167 1380 1254 enwrun,
1415 1166 1549 1248 enne:
1580 1165 1638 1232 nn
1664 1165 1708 1234 n:

642 1317 645 1322 ·
699 1302 804 1368 OOM:
827 1297 987 1369 GLOUG:
1009 1301 1066 1366 ET
1085 1300 1246 1366 HERTF:
1267 1299 1365 1370 DEF.
1532 1350 1538 1386 Ι.

346 1432 510 1513 mmm
523 1435 562 1499 se
576 1433 664 1498 ms.
679 1433 744 1510 111,
761 1434 816 1498 en
830 1435 938 1500 mon:
960 1433 1057 1498 oon.
1073 1431 1142 1497 me.
1156 1433 1344 1506 vuemo,
1365 1443 1466 1512 o.1,p.
1489 1429 1527 1493 ιτ
1548 1399 1709 1508 nendo.

396 1561 841 1628 Gnouommm-Rroennne
860 1564 900 1627 de
920 1563 1028 1627 Omen
1049 1581 1154 1626 eornm
1183 1563 1411 1626 Gnouonennnn
1439 1559 1633 1624 ettnohiotus
1651 1557 1711 1622 init

354 1689 395 1754 ed
413 1690 669 1772 respondendum
689 1691 835 1757 Bromno'
856 1693 991 1756 Srwneo
1009 1691 1048 1755 de
1061 1691 1179 1774 plooito
1199 1709 1294 1773 quere
1314 1709 1387 1755 oum
1405 1689 1543 1756 venisset
1563 1688 1604 1752 ed
1623 1706 1711 1752 mon·
1841 1746 1847 1762 ,

352 1817 462 1882 dutum
489 1837 582 1883 snum
600 1820 642 1884 ed
668 1820 825 1904 quoddam
854 1821 1096 1903 parliamentum
1115 1821 1149 1884 in
1170 1821 1397 1884 Gmmmononn
1415 1819 1520 1903 ipsum
1538 1821 1712 1886 Rrosnnm

354 1950 519 2015 attentavit
532 1958 565 2014 et
578 1952 679 2032 coegit
700 1952 741 2016 ed
760 1952 883 2016 obsides
904 1951 1073 2016 trudendos
1084 1951 1190 2016 donee
1210 1951 1353 2016 redderet
1367 1949 1397 2014 ei
1409 1955 1548 2016 oestrum
1566 1969 1660 2016 sunm
1671 1950 1712 2016 de

354 2074 534 2142 ommni
554 2085 587 2143 et
607 2080 873 2144 constabularium
892 2099 985 2144 snum
1004 2080 1088 2162 oepit
1101 2087 1133 2144 et
1146 2080 1365 2162 imprieonevit
1386 2087 1499 2144 oontre
1526 2099 1638 2163 psoem
1657 2088 1709 2145 eto

351 2210 385 2268 et
404 2205 488 2270 unde
516 2207 656 2289 queritur
688 2210 771 2292 quod
798 2228 871 2273 oum
889 2209 1026 2274 venisset
1046 2208 1130 2292 opud
1150 2209 1196 2273 loe
1215 2210 1408 2273 Eeosnnnns
1427 2209 1462 2273 in
1484 2209 1711 2276 emmonem

352 2332 406 2399 ubi
418 2335 577 2416 prediotus
596 2355 702 2401 eomes
722 2338 825 2401 tenuit
844 2337 1088 2418 parliamentum
1108 2356 1200 2401 sunm
1220 2337 1270 2401 die
1291 2339 1463 2403 Mnnounrr
1481 2339 1625 2420 proximo
1638 2347 1713 2405 unte

353 2463 593 2528 translationem
614 2466 662 2531 Sti
682 2467 799 2530 naon
820 2466 961 2530 Mertirie
990 2485 1086 2548 regno
1106 2467 1200 2548 Regis
1219 2466 1273 2548 qni
1292 2485 1377 2530 nuno
1397 2474 1446 2532 eet
1465 2469 1540 2530 xxix
1574 2469 1611 2549 [o
1637 2452 1714 2532 Jnlii

354 2593 446 2674 1246]
460 2593 495 2657 in
507 2612 586 2677 pnoe
599 2594 719 2659 domini
739 2595 833 2676 Regie
854 2595 971 2677 ebeqne
991 2578 1235 2659 summonitione
1254 2595 1458 2660 eontentione
1470 2604 1504 2660 et
1516 2596 1633 2676 plsoito
1653 2615 1714 2679 qne

350 2724 395 2791 ni
415 2725 696 2791 orodebet'hobere
715 2724 802 2789 venit
822 2725 925 2790 diotue
945 2745 1050 2789 eomes
1070 2733 1102 2789 et
1122 2745 1234 2806 eorpus
1248 2726 1360 2807 *ipsine
1380 2726 1519 2790 B10rnn1
1540 2727 1706 2792 errestevit

353 2867 387 2922 st
400 2865 553 2941 tunqnom
571 2854 729 2938 prisonem
748 2854 883 2920 detinuit
901 2855 1002 2919 donee
1022 2855 1204 2918 obsidemei
1223 2855 1395 2919 invenisset
1415 2855 1533 2920 soiiioet
1553 2857 1714 2920 Promea

355 2986 395 3052 de
411 2987 467 3054 Sto
480 2989 682 3050 Pummneno
694 2991 731 3050 nt
743 2985 950 3068 personaliter
959 2985 1080 3050 veniret
1089 2984 1123 3048 in
1136 2984 1276 3047 orestino'
1288 2984 1329 3047 ed
1341 2983 1533 3050 reddendum
1541 2985 1570 3048 ei
1579 2983 1713 3066 predict·

355 3136 411 3184 um
424 3123 563 3182 oestrum
576 3135 668 3181 suum
681 3116 720 3180 de
745 3117 926 3181 ΟΜΝ
939 3116 986 3180 ito
998 3117 1081 3199 qnod
1094 3115 1212 3180 ibidem
1224 3116 1310 3179 vonit
1324 3135 1395 3180 oum
1409 3113 1640 3178 oonetnbnlerio
1654 3133 1712 3178 sno

354 3253 388 3310 et
401 3247 537 3330 quodem
550 3247 613 3311 olio
626 3247 780 3312 serviente
794 3246 904 3312 stetim
917 3246 1004 3310 venit
1024 3247 1184 3328 predictus
1205 3264 1310 3310 eomes
1324 3251 1357 3311 et
1370 3246 1455 3326 ipsos
1468 3246 1551 3326 oepit
1562 3251 1594 3308 et
1607 3245 1712 3326 ipsum

354 3375 528 3442 mesenen
542 3377 672 3441 retinnit
684 3376 785 3441 donee
805 3377 835 3441 ei
854 3377 998 3440 redderet
1017 3375 1193 3458 predictum
1213 3381 1352 3439 oestrum
1365 3374 1425 3438 sibi
1437 3372 1582 3437 reddidit.
1623 3372 1714 3437 Idem

353 3521 459 3568 eomes
475 3505 606 3568 retinnit
626 3505 892 3570 oonstebnlurium
912 3505 1088 3588 predictum
1101 3513 1133 3570 et
1147 3505 1236 3568 ilium
1254 3505 1330 3587 poni
1349 3505 1423 3567 feeit
1443 3505 1476 3566 in
1491 3503 1581 3586 gooln
1601 3522 1659 3567 eun
1677 3503 1712 3566 in

353 3633 486 3699 mouns
506 3640 539 3697 et
557 3632 647 3696 terrie
674 3631 774 3696 donee
793 3633 890 3698 tinem
909 3634 1035 3697 ieoiseet
1056 3653 1127 3698 oum
1148 3653 1187 3698 eo
1198 3653 1256 3716 pro
1276 3635 1343 3700 vite
1362 3653 1421 3697 eun
1434 3640 1466 3698 et
1479 3633 1627 3698 membris
1647 3633 1713 3696 suis

355 3780 413 3842 pro
432 3761 465 3824 lx
484 3759 609 3826 merois.
650 3759 798 3826 Pneteren
826 3761 984 3844 predieem
1012 3781 1117 3826 eomes
1144 3762 1208 3826 ietn
1226 3762 1349 3826 melitis
1377 3763 1519 3826 nondum
1545 3769 1714 3826 contentus

354 3890 409 3955 ubi
421 3890 505 3953 idem
525 3890 691 3953 mesenus
710 3889 821 3954 hebuit
840 3897 957 3954 terrem
977 3909 1067 3954 suem
1080 3890 1120 3955 de
1133 3891 1357 3954 Lnenenmmrt
1376 3900 1467 3955 extre
1485 3899 1625 3956 eorunm
1644 3911 1713 3976 pre-

354 4019 473 4082 diotum
492 4017 579 4082 venit
599 4017 757 4100 predictus
776 4037 881 4083 onmes
894 4026 926 4082 et
940 4035 1051 4084 oontrn
1070 4039 1180 4102 ponem
1198 4020 1319 4084 domini
1338 4021 1432 4103 Regis
1445 4028 1478 4086 et
1490 4023 1534 4086 ibi
1556 4025 1639 4106 oepit
1668 4026 1710 4090 50

355 4149 450 4212 boves
470 4149 509 4212 de
528 4148 634 4231 preoio
654 4169 727 4213 xxx.
754 4169 931 4213 meroerum
950 4155 983 4214 et
1003 4169 1039 4212 oo
1058 4149 1202 4213 bidentes
1220 4150 1325 4232 precio
1327 4195 1481 4214 ............
1483 4171 1660 4216 mnroernm
1679 4161 1713 4219 et

356 4277 420 4340 elio
440 4277 589 4342 nnimelin
602 4285 634 4340 et
647 4278 732 4343 bono
751 4279 815 4344 elie
834 4285 945 4344 oontm
965 4297 1075 4361 paoem
1088 4287 1121 4344 et
1142 4280 1281 4344 obduxit.
1322 4281 1367 4343 Et
1379 4289 1548 4362 postquem
1567 4281 1713 4350 dominus

337 4379 422 4501 ⁴Rex
449 4405 612 4472 mandevit
640 4405 725 4471 dioto
753 4408 860 4471 eomiti
889 4409 972 4489 quod
1000 4397 1146 4472 dominus
1175 4409 1334 4490 predictus
1360 4411 1526 4476 Bmennos
1546 4411 1657 4476 funem
1676 4415 1712 4478 in

355 4533 484 4598 servicio
504 4533 621 4598 domini
640 4536 735 4617 Regis
754 4544 787 4600 et
806 4539 841 4600 in
854 4557 965 4618 guerro
984 4557 1043 4603 eun
1062 4539 1145 4621 opud
1159 4540 1344 4604 Gnsnrnronn
1363 4561 1473 4607 omnes
1493 4546 1712 4612 contentiones
1849 4565 1852 4572 ⁴

355 4662 512 4730 intereos
538 4671 624 4730 moto
652 4673 844 4747 ponerentur
863 4667 897 4732 in
916 4675 1093 4751 respeotum
1113 4678 1145 4736 et
1165 4671 1272 4738 omniu
1298 4673 1383 4740 bone
1402 4675 1500 4758 ipsius
1520 4677 1658 4742 Rrosnnr
1676 4677 1713 4742 in
