<?xml version="1.0" encoding="UTF-8"?>
<!DOCTYPE html PUBLIC "-//W3C//DTD XHTML 1.0 Transitional//EN"
    "http://www.w3.org/TR/xhtml1/DTD/xhtml1-transitional.dtd">
<html xmlns="http://www.w3.org/1999/xhtml" xml:lang="en" lang="en">
 <head>
  <title>
</title>
<meta http-equiv="Content-Type" content="text/html;charset=utf-8" />
  <meta name='ocr-system' content='tesseract 3.04.00' />
  <meta name='ocr-capabilities' content='ocr_page ocr_carea ocr_par ocr_line ocrx_word'/>
</head>
<body>
  <div class='ocr_page' id='page_1' title='image "./cartetaliamunim00abbegoog_0201.png"; bbox 0 0 3932 5498; ppageno 0'>
   <div class='ocr_carea' id='block_1_1' title="bbox 406 744 464 810">
    <p class='ocr_par' dir='ltr' id='par_1_1' title="bbox 406 744 464 810">
     <span class='ocr_line' id='line_1_1' title="bbox 406 744 464 810; baseline 0 -3"><span class='ocrx_word' id='word_1_1' title='bbox 406 744 464 810; x_wconf 74' lang='lat'><strong>174</strong></span> 
     </span>
    </p>
   </div>
   <div class='ocr_carea' id='block_1_2' title="bbox 359 1039 1736 1130">
    <p class='ocr_par' dir='ltr' id='par_1_2' title="bbox 359 1039 1736 1130">
     <span class='ocr_line' id='line_1_2' title="bbox 359 1039 1736 1130; baseline -0.004 -20"><span class='ocrx_word' id='word_1_2' title='bbox 359 1045 454 1110; x_wconf 82' lang='lat' dir='ltr'><strong>enim</strong></span> <span class='ocrx_word' id='word_1_3' title='bbox 474 1063 546 1110; x_wconf 84' lang='lat' dir='ltr'><strong>eure</strong></span> <span class='ocrx_word' id='word_1_4' title='bbox 568 1043 694 1110; x_wconf 86' lang='lat' dir='ltr'><strong>erebilie</strong></span> <span class='ocrx_word' id='word_1_5' title='bbox 708 1048 741 1110; x_wconf 91' lang='lat' dir='ltr'><strong>et</strong></span> <span class='ocrx_word' id='word_1_6' title='bbox 761 1045 890 1112; x_wconf 86' lang='lat' dir='ltr'><strong>tertium</strong></span> <span class='ocrx_word' id='word_1_7' title='bbox 909 1051 1034 1130; x_wconf 78' lang='lat' dir='ltr'><strong>perteue</strong></span> <span class='ocrx_word' id='word_1_8' title='bbox 1053 1045 1147 1111; x_wconf 87' lang='lat' dir='ltr'><strong>uuiue</strong></span> <span class='ocrx_word' id='word_1_9' title='bbox 1167 1041 1317 1130; x_wconf 80' lang='lat' dir='ltr'><strong>qnerterii</strong></span> <span class='ocrx_word' id='word_1_10' title='bbox 1337 1041 1432 1108; x_wconf 78' lang='lat' dir='ltr'><strong>unius</strong></span> <span class='ocrx_word' id='word_1_11' title='bbox 1451 1057 1524 1107; x_wconf 83' lang='lat' dir='ltr'><strong>eure</strong></span> <span class='ocrx_word' id='word_1_12' title='bbox 1543 1039 1628 1124; x_wconf 80' lang='lat' dir='ltr'><strong>preti</strong></span> <span class='ocrx_word' id='word_1_13' title='bbox 1647 1039 1736 1124; x_wconf 86' lang='lat' dir='ltr'><strong>quod</strong></span> 
     </span>
    </p>
   </div>
   <div class='ocr_carea' id='block_1_3' title="bbox 226 1172 1738 1261">
    <p class='ocr_par' dir='ltr' id='par_1_3' title="bbox 226 1172 1738 1261">
     <span class='ocr_line' id='line_1_3' title="bbox 226 1172 1738 1261; baseline -0.003 -19"><span class='ocrx_word' id='word_1_14' title='bbox 226 1219 228 1224; x_wconf 92' lang='lat'>-</span> <span class='ocrx_word' id='word_1_15' title='bbox 361 1175 482 1242; x_wconf 77' lang='lat' dir='ltr'><strong>scilieet</strong></span> <span class='ocrx_word' id='word_1_16' title='bbox 495 1175 688 1261; x_wconf 69' lang='lat' dir='ltr'><strong>quarterium</strong></span> <span class='ocrx_word' id='word_1_17' title='bbox 708 1177 792 1258; x_wconf 87' lang='lat' dir='ltr'><strong>preti</strong></span> <span class='ocrx_word' id='word_1_18' title='bbox 805 1177 865 1242; x_wconf 82' lang='lat' dir='ltr'><strong>luit</strong></span> <span class='ocrx_word' id='word_1_19' title='bbox 885 1178 963 1242; x_wconf 88' lang='lat' dir='ltr'><strong>dieti</strong></span> <span class='ocrx_word' id='word_1_20' title='bbox 984 1179 1175 1242; x_wconf 78' lang='lat' dir='ltr'><strong>Auexmnm</strong></span> <span class='ocrx_word' id='word_1_21' title='bbox 1194 1195 1328 1261; x_wconf 83' lang='lat' dir='ltr'><strong>querum</strong></span> <span class='ocrx_word' id='word_1_22' title='bbox 1349 1177 1501 1255; x_wconf 71' lang='lat' dir='ltr'><strong>feererum</strong></span> <span class='ocrx_word' id='word_1_23' title='bbox 1520 1172 1738 1256; x_wconf 85' lang='lat' dir='ltr'><strong>predieterum</strong></span> 
     </span>
    </p>
   </div>
   <div class='ocr_carea' id='block_1_4' title="bbox 340 1303 1778 4394">
    <p class='ocr_par' dir='ltr' id='par_1_4' title="bbox 340 1303 1778 4394">
     <span class='ocr_line' id='line_1_4' title="bbox 356 1303 1739 1392; baseline -0.001 -20"><span class='ocrx_word' id='word_1_24' title='bbox 356 1327 423 1373; x_wconf 91' lang='lat' dir='ltr'><strong>une</strong></span> <span class='ocrx_word' id='word_1_25' title='bbox 434 1307 565 1374; x_wconf 88' lang='lat' dir='ltr'><strong>dimidie</strong></span> <span class='ocrx_word' id='word_1_26' title='bbox 583 1327 659 1372; x_wconf 84' lang='lat' dir='ltr'><strong>eure</strong></span> <span class='ocrx_word' id='word_1_27' title='bbox 677 1308 761 1388; x_wconf 84' lang='lat' dir='ltr'><strong>jeoet</strong></span> <span class='ocrx_word' id='word_1_28' title='bbox 782 1309 816 1373; x_wconf 90' lang='lat' dir='ltr'><strong>in</strong></span> <span class='ocrx_word' id='word_1_29' title='bbox 836 1309 906 1374; x_wconf 86' lang='lat' dir='ltr'><strong>loeo</strong></span> <span class='ocrx_word' id='word_1_30' title='bbox 926 1310 980 1392; x_wconf 90' lang='lat' dir='ltr'><strong>qui</strong></span> <span class='ocrx_word' id='word_1_31' title='bbox 999 1317 1132 1374; x_wconf 83' lang='lat' dir='ltr'><strong>vocetur</strong></span> <span class='ocrx_word' id='word_1_32' title='bbox 1149 1309 1306 1374; x_wconf 81' lang='lat' dir='ltr'><strong>voomm</strong></span> <span class='ocrx_word' id='word_1_33' title='bbox 1327 1307 1412 1372; x_wconf 88' lang='lat' dir='ltr'><strong>inter</strong></span> <span class='ocrx_word' id='word_1_34' title='bbox 1435 1311 1553 1370; x_wconf 84' lang='lat' dir='ltr'><strong>terrem</strong></span> <span class='ocrx_word' id='word_1_35' title='bbox 1575 1303 1673 1370; x_wconf 79' lang='lat' dir='ltr'><strong>Ieeeo</strong></span> <span class='ocrx_word' id='word_1_36' title='bbox 1695 1303 1739 1370; x_wconf 88' lang='lat' dir='ltr'><strong>de</strong></span> 
     </span>
     <span class='ocr_line' id='line_1_5' title="bbox 361 1435 1741 1519; baseline -0.001 -15"><span class='ocrx_word' id='word_1_37' title='bbox 361 1439 541 1504; x_wconf 72' lang='lat' dir='ltr'><strong>nmmum</strong></span> <span class='ocrx_word' id='word_1_38' title='bbox 562 1445 595 1504; x_wconf 88' lang='lat' dir='ltr'><strong>et</strong></span> <span class='ocrx_word' id='word_1_39' title='bbox 614 1443 733 1504; x_wconf 76' lang='lat' dir='ltr'><strong>terrem</strong></span> <span class='ocrx_word' id='word_1_40' title='bbox 752 1439 943 1502; x_wconf 74' lang='lat' dir='ltr'><strong>murum</strong></span> <span class='ocrx_word' id='word_1_41' title='bbox 962 1437 1020 1502; x_wconf 89' lang='lat' dir='ltr'><strong>lilii</strong></span> <span class='ocrx_word' id='word_1_42' title='bbox 1039 1437 1200 1502; x_wconf 78' lang='lat' dir='ltr'><strong>Meuerou</strong></span> <span class='ocrx_word' id='word_1_43' title='bbox 1219 1436 1259 1502; x_wconf 92' lang='lat' dir='ltr'><strong>de</strong></span> <span class='ocrx_word' id='word_1_44' title='bbox 1279 1436 1462 1504; x_wconf 76' lang='lat' dir='ltr'><strong>Leunoeuu</strong></span> <span class='ocrx_word' id='word_1_45' title='bbox 1482 1437 1574 1519; x_wconf 86' lang='lat' dir='ltr'><strong>eujue</strong></span> <span class='ocrx_word' id='word_1_46' title='bbox 1605 1435 1741 1502; x_wconf 90' lang='lat' dir='ltr'><strong>dimidie</strong></span> 
     </span>
     <span class='ocr_line' id='line_1_6' title="bbox 362 1567 1742 1652; baseline -0.001 -18"><span class='ocrx_word' id='word_1_47' title='bbox 362 1587 434 1634; x_wconf 85' lang='lat' dir='ltr'><strong>eure</strong></span> <span class='ocrx_word' id='word_1_48' title='bbox 463 1576 560 1652; x_wconf 87' lang='lat' dir='ltr'><strong>eepnt</strong></span> <span class='ocrx_word' id='word_1_49' title='bbox 589 1568 742 1634; x_wconf 69' lang='lat' dir='ltr'><strong>orientale</strong></span> <span class='ocrx_word' id='word_1_50' title='bbox 770 1569 951 1634; x_wconf 67' lang='lat' dir='ltr'>extenditur</span> <span class='ocrx_word' id='word_1_51' title='bbox 981 1587 1080 1650; x_wconf 80' lang='lat' dir='ltr'><strong>unque</strong></span> <span class='ocrx_word' id='word_1_52' title='bbox 1101 1568 1142 1633; x_wconf 86' lang='lat' dir='ltr'><strong>ed</strong></span> <span class='ocrx_word' id='word_1_53' title='bbox 1163 1575 1281 1634; x_wconf 89' lang='lat' dir='ltr'><strong>terrem</strong></span> <span class='ocrx_word' id='word_1_54' title='bbox 1314 1568 1461 1634; x_wconf 77' lang='lat' dir='ltr'><strong>Humor</strong></span> <span class='ocrx_word' id='word_1_55' title='bbox 1486 1567 1527 1633; x_wconf 93' lang='lat' dir='ltr'><strong>de</strong></span> <span class='ocrx_word' id='word_1_56' title='bbox 1546 1570 1674 1634; x_wconf 52' lang='lat' dir='ltr'><strong>&amp;oure</strong></span> <span class='ocrx_word' id='word_1_57' title='bbox 1706 1575 1742 1632; x_wconf 89' lang='lat' dir='ltr'><strong>et</strong></span> 
     </span>
     <span class='ocr_line' id='line_1_7' title="bbox 360 1697 1742 1783; baseline -0.001 -20"><span class='ocrx_word' id='word_1_58' title='bbox 360 1706 457 1783; x_wconf 88' lang='lat' dir='ltr'><strong>eeput</strong></span> <span class='ocrx_word' id='word_1_59' title='bbox 478 1699 547 1780; x_wconf 83' lang='lat' dir='ltr'><strong>ejue</strong></span> <span class='ocrx_word' id='word_1_60' title='bbox 566 1700 762 1764; x_wconf 84' lang='lat' dir='ltr'><strong>oooidentele</strong></span> <span class='ocrx_word' id='word_1_61' title='bbox 783 1700 964 1764; x_wconf 72' lang='lat' dir='ltr'><strong>extenditur</strong></span> <span class='ocrx_word' id='word_1_62' title='bbox 983 1719 1083 1782; x_wconf 88' lang='lat' dir='ltr'><strong>neque</strong></span> <span class='ocrx_word' id='word_1_63' title='bbox 1096 1700 1138 1764; x_wconf 86' lang='lat' dir='ltr'><strong>ed</strong></span> <span class='ocrx_word' id='word_1_64' title='bbox 1158 1697 1285 1764; x_wconf 86' lang='lat' dir='ltr'><strong>leodum</strong></span> <span class='ocrx_word' id='word_1_65' title='bbox 1305 1698 1345 1764; x_wconf 92' lang='lat' dir='ltr'><strong>de</strong></span> <span class='ocrx_word' id='word_1_66' title='bbox 1365 1700 1568 1765; x_wconf 69' lang='lat' dir='ltr'><strong>Detinuere.</strong></span> <span class='ocrx_word' id='word_1_67' title='bbox 1610 1699 1655 1764; x_wconf 75' lang='lat' dir='ltr'><strong>ut</strong></span> <span class='ocrx_word' id='word_1_68' title='bbox 1675 1698 1742 1762; x_wconf 91' lang='lat' dir='ltr'><strong>due</strong></span> 
     </span>
     <span class='ocr_line' id='line_1_8' title="bbox 361 1828 1739 1915; baseline -0.001 -20"><span class='ocrx_word' id='word_1_69' title='bbox 361 1848 434 1895; x_wconf 83' lang='lat' dir='ltr'><strong>eone</strong></span> <span class='ocrx_word' id='word_1_70' title='bbox 453 1835 487 1892; x_wconf 92' lang='lat' dir='ltr'><strong>et</strong></span> <span class='ocrx_word' id='word_1_71' title='bbox 507 1828 638 1893; x_wconf 89' lang='lat' dir='ltr'><strong>dimidie</strong></span> <span class='ocrx_word' id='word_1_72' title='bbox 657 1849 732 1896; x_wconf 85' lang='lat' dir='ltr'><strong>uere</strong></span> <span class='ocrx_word' id='word_1_73' title='bbox 750 1831 858 1911; x_wconf 76' lang='lat' dir='ltr'><strong>ieoent</strong></span> <span class='ocrx_word' id='word_1_74' title='bbox 878 1829 962 1913; x_wconf 85' lang='lat' dir='ltr'><strong>epud</strong></span> <span class='ocrx_word' id='word_1_75' title='bbox 992 1829 1171 1895; x_wconf 74' lang='lat' dir='ltr'><strong>umorum</strong></span> <span class='ocrx_word' id='word_1_76' title='bbox 1200 1829 1284 1896; x_wconf 87' lang='lat' dir='ltr'><strong>inter</strong></span> <span class='ocrx_word' id='word_1_77' title='bbox 1310 1837 1430 1896; x_wconf 85' lang='lat' dir='ltr'><strong>terrem</strong></span> <span class='ocrx_word' id='word_1_78' title='bbox 1449 1851 1546 1915; x_wconf 83' lang='lat' dir='ltr'><strong>quem</strong></span> <span class='ocrx_word' id='word_1_79' title='bbox 1576 1831 1674 1896; x_wconf 77' lang='lat' dir='ltr'><strong>leue</strong></span> <span class='ocrx_word' id='word_1_80' title='bbox 1695 1829 1739 1894; x_wconf 94' lang='lat' dir='ltr'><strong>de</strong></span> 
     </span>
     <span class='ocr_line' id='line_1_9' title="bbox 360 1959 1744 2045; baseline 0.001 -21"><span class='ocrx_word' id='word_1_81' title='bbox 360 1959 543 2024; x_wconf 71' lang='lat' dir='ltr'><strong>minoem</strong></span> <span class='ocrx_word' id='word_1_82' title='bbox 563 1960 675 2025; x_wconf 78' lang='lat' dir='ltr'><strong>hebuit</strong></span> <span class='ocrx_word' id='word_1_83' title='bbox 696 1961 865 2043; x_wconf 87' lang='lat' dir='ltr'><strong>eliqueudo</strong></span> <span class='ocrx_word' id='word_1_84' title='bbox 885 1961 926 2026; x_wconf 90' lang='lat' dir='ltr'><strong>ed</strong></span> <span class='ocrx_word' id='word_1_85' title='bbox 946 1962 1070 2027; x_wconf 84' lang='lat' dir='ltr'><strong>firmem</strong></span> <span class='ocrx_word' id='word_1_86' title='bbox 1083 1962 1122 2026; x_wconf 95' lang='lat' dir='ltr'><strong>de</strong></span> <span class='ocrx_word' id='word_1_87' title='bbox 1135 1981 1187 2026; x_wconf 90' lang='lat' dir='ltr'><strong>me</strong></span> <span class='ocrx_word' id='word_1_88' title='bbox 1200 1981 1239 2026; x_wconf 94' lang='lat' dir='ltr'><strong>ex</strong></span> <span class='ocrx_word' id='word_1_89' title='bbox 1262 1969 1353 2045; x_wconf 83' lang='lat' dir='ltr'><strong>perte</strong></span> <span class='ocrx_word' id='word_1_90' title='bbox 1373 1981 1439 2027; x_wconf 86' lang='lat' dir='ltr'><strong>une</strong></span> <span class='ocrx_word' id='word_1_91' title='bbox 1458 1969 1492 2027; x_wconf 92' lang='lat' dir='ltr'><strong>et</strong></span> <span class='ocrx_word' id='word_1_92' title='bbox 1506 1969 1623 2028; x_wconf 86' lang='lat' dir='ltr'><strong>terrem</strong></span> <span class='ocrx_word' id='word_1_93' title='bbox 1642 1981 1744 2045; x_wconf 88' lang='lat' dir='ltr'><strong>quem</strong></span> 
     </span>
     <span class='ocr_line' id='line_1_10' title="bbox 360 2091 1740 2177; baseline -0.001 -20"><span class='ocrx_word' id='word_1_94' title='bbox 360 2093 531 2157; x_wconf 78' lang='lat' dir='ltr'><strong>Joueunue</strong></span> <span class='ocrx_word' id='word_1_95' title='bbox 561 2091 678 2155; x_wconf 83' lang='lat' dir='ltr'><strong>Bunuu</strong></span> <span class='ocrx_word' id='word_1_96' title='bbox 711 2091 823 2157; x_wconf 86' lang='lat' dir='ltr'><strong>hebuit</strong></span> <span class='ocrx_word' id='word_1_97' title='bbox 854 2091 895 2156; x_wconf 90' lang='lat' dir='ltr'><strong>ed</strong></span> <span class='ocrx_word' id='word_1_98' title='bbox 923 2091 1048 2156; x_wconf 85' lang='lat' dir='ltr'><strong>firmem</strong></span> <span class='ocrx_word' id='word_1_99' title='bbox 1067 2093 1108 2157; x_wconf 88' lang='lat' dir='ltr'><strong>de</strong></span> <span class='ocrx_word' id='word_1_100' title='bbox 1126 2113 1179 2156; x_wconf 92' lang='lat' dir='ltr'><strong>me</strong></span> <span class='ocrx_word' id='word_1_101' title='bbox 1199 2113 1333 2177; x_wconf 84' lang='lat' dir='ltr'><strong>querum</strong></span> <span class='ocrx_word' id='word_1_102' title='bbox 1362 2093 1497 2159; x_wconf 76' lang='lat' dir='ltr'><strong>duorum</strong></span> <span class='ocrx_word' id='word_1_103' title='bbox 1527 2111 1672 2157; x_wconf 80' lang='lat' dir='ltr'><strong>ueterum</strong></span> <span class='ocrx_word' id='word_1_104' title='bbox 1704 2099 1740 2157; x_wconf 91' lang='lat' dir='ltr'><strong>et</strong></span> 
     </span>
     <span class='ocr_line' id='line_1_11' title="bbox 359 2220 1739 2304; baseline 0 -18"><span class='ocrx_word' id='word_1_105' title='bbox 359 2221 487 2286; x_wconf 75' lang='lat' dir='ltr'><strong>dimidie</strong></span> <span class='ocrx_word' id='word_1_106' title='bbox 517 2227 613 2302; x_wconf 88' lang='lat' dir='ltr'><strong>oeput</strong></span> <span class='ocrx_word' id='word_1_107' title='bbox 642 2220 769 2285; x_wconf 77' lang='lat' dir='ltr'><strong>boreale</strong></span> <span class='ocrx_word' id='word_1_108' title='bbox 800 2221 982 2286; x_wconf 83' lang='lat' dir='ltr'><strong>extenditur</strong></span> <span class='ocrx_word' id='word_1_109' title='bbox 1009 2237 1109 2304; x_wconf 86' lang='lat' dir='ltr'><strong>neque</strong></span> <span class='ocrx_word' id='word_1_110' title='bbox 1138 2222 1180 2286; x_wconf 86' lang='lat' dir='ltr'><strong>ed</strong></span> <span class='ocrx_word' id='word_1_111' title='bbox 1210 2229 1329 2288; x_wconf 89' lang='lat' dir='ltr'><strong>terrem</strong></span> <span class='ocrx_word' id='word_1_112' title='bbox 1357 2222 1516 2287; x_wconf 78' lang='lat' dir='ltr'><strong>Wenuner</strong></span> <span class='ocrx_word' id='word_1_113' title='bbox 1556 2223 1672 2286; x_wconf 73' lang='lat' dir='ltr'><strong>Reum</strong></span> <span class='ocrx_word' id='word_1_114' title='bbox 1703 2229 1739 2286; x_wconf 88' lang='lat' dir='ltr'><strong>et</strong></span> 
     </span>
     <span class='ocr_line' id='line_1_12' title="bbox 363 2351 1740 2437; baseline 0.002 -19"><span class='ocrx_word' id='word_1_115' title='bbox 363 2360 461 2435; x_wconf 83' lang='lat' dir='ltr'><strong>oeput</strong></span> <span class='ocrx_word' id='word_1_116' title='bbox 481 2351 621 2416; x_wconf 82' lang='lat' dir='ltr'><strong>euetrele</strong></span> <span class='ocrx_word' id='word_1_117' title='bbox 640 2369 740 2434; x_wconf 85' lang='lat' dir='ltr'><strong>neque</strong></span> <span class='ocrx_word' id='word_1_118' title='bbox 762 2351 803 2416; x_wconf 90' lang='lat' dir='ltr'><strong>ed</strong></span> <span class='ocrx_word' id='word_1_119' title='bbox 821 2358 950 2433; x_wconf 79' lang='lat' dir='ltr'><strong>protum</strong></span> <span class='ocrx_word' id='word_1_120' title='bbox 971 2353 1172 2417; x_wconf 65' lang='lat' dir='ltr'><strong>Ammine.</strong></span> <span class='ocrx_word' id='word_1_121' title='bbox 1222 2353 1267 2417; x_wconf 77' lang='lat' dir='ltr'><strong>Et</strong></span> <span class='ocrx_word' id='word_1_122' title='bbox 1297 2375 1363 2420; x_wconf 85' lang='lat' dir='ltr'><strong>une</strong></span> <span class='ocrx_word' id='word_1_123' title='bbox 1389 2354 1521 2420; x_wconf 84' lang='lat' dir='ltr'><strong>dimidie</strong></span> <span class='ocrx_word' id='word_1_124' title='bbox 1550 2375 1625 2420; x_wconf 79' lang='lat' dir='ltr'><strong>uere</strong></span> <span class='ocrx_word' id='word_1_125' title='bbox 1653 2355 1740 2437; x_wconf 84' lang='lat' dir='ltr'><strong>jeoet</strong></span> 
     </span>
     <span class='ocr_line' id='line_1_13' title="bbox 340 2481 1738 2569; baseline 0.004 -27"><span class='ocrx_word' id='word_1_126' title='bbox 340 2483 450 2547; x_wconf 50' lang='lat' dir='ltr'><strong>¹inter</strong></span> <span class='ocrx_word' id='word_1_127' title='bbox 470 2489 588 2546; x_wconf 85' lang='lat' dir='ltr'><strong>terrem</strong></span> <span class='ocrx_word' id='word_1_128' title='bbox 607 2481 893 2545; x_wconf 71' lang='lat' dir='ltr'><strong>Humerum</strong></span> <span class='ocrx_word' id='word_1_129' title='bbox 914 2489 1065 2566; x_wconf 80' lang='lat' dir='ltr'><strong>experte</strong></span> <span class='ocrx_word' id='word_1_130' title='bbox 1084 2502 1150 2548; x_wconf 87' lang='lat' dir='ltr'><strong>une</strong></span> <span class='ocrx_word' id='word_1_131' title='bbox 1170 2490 1203 2548; x_wconf 89' lang='lat' dir='ltr'><strong>et</strong></span> <span class='ocrx_word' id='word_1_132' title='bbox 1224 2489 1341 2550; x_wconf 89' lang='lat' dir='ltr'><strong>terrem</strong></span> <span class='ocrx_word' id='word_1_133' title='bbox 1372 2504 1468 2569; x_wconf 83' lang='lat' dir='ltr'><strong>quem</strong></span> <span class='ocrx_word' id='word_1_134' title='bbox 1497 2485 1602 2552; x_wconf 80' lang='lat' dir='ltr'><strong>dietus</strong></span> <span class='ocrx_word' id='word_1_135' title='bbox 1632 2486 1738 2550; x_wconf 80' lang='lat' dir='ltr'><strong>Amr-</strong></span> 
     </span>
     <span class='ocr_line' id='line_1_14' title="bbox 363 2611 1742 2680; baseline 0.001 -3"><span class='ocrx_word' id='word_1_136' title='bbox 363 2631 473 2678; x_wconf 78' lang='lat' dir='ltr'><strong>ereuue</strong></span> <span class='ocrx_word' id='word_1_137' title='bbox 497 2611 582 2676; x_wconf 77' lang='lat' dir='ltr'><strong>filiun</strong></span> <span class='ocrx_word' id='word_1_138' title='bbox 612 2611 773 2675; x_wconf 72' lang='lat' dir='ltr'><strong>Mnemon</strong></span> <span class='ocrx_word' id='word_1_139' title='bbox 801 2618 834 2676; x_wconf 92' lang='lat' dir='ltr'><strong>et</strong></span> <span class='ocrx_word' id='word_1_140' title='bbox 864 2612 962 2676; x_wconf 76' lang='lat' dir='ltr'><strong>Ieme</strong></span> <span class='ocrx_word' id='word_1_141' title='bbox 992 2612 1171 2677; x_wconf 81' lang='lat' dir='ltr'><strong>debuerunt</strong></span> <span class='ocrx_word' id='word_1_142' title='bbox 1200 2613 1242 2678; x_wconf 86' lang='lat' dir='ltr'><strong>ed</strong></span> <span class='ocrx_word' id='word_1_143' title='bbox 1271 2613 1396 2680; x_wconf 84' lang='lat' dir='ltr'><strong>firmem</strong></span> <span class='ocrx_word' id='word_1_144' title='bbox 1424 2615 1464 2679; x_wconf 93' lang='lat' dir='ltr'><strong>de</strong></span> <span class='ocrx_word' id='word_1_145' title='bbox 1491 2635 1553 2679; x_wconf 90' lang='lat' dir='ltr'><strong>me.</strong></span> <span class='ocrx_word' id='word_1_146' title='bbox 1605 2615 1650 2680; x_wconf 80' lang='lat' dir='ltr'><strong>Et</strong></span> <span class='ocrx_word' id='word_1_147' title='bbox 1675 2635 1742 2679; x_wconf 88' lang='lat' dir='ltr'><strong>une</strong></span> 
     </span>
     <span class='ocr_line' id='line_1_15' title="bbox 364 2743 1778 2841; baseline -0.001 -31"><span class='ocrx_word' id='word_1_148' title='bbox 364 2743 495 2810; x_wconf 80' lang='lat' dir='ltr'><strong>dimidie</strong></span> <span class='ocrx_word' id='word_1_149' title='bbox 514 2761 590 2809; x_wconf 74' lang='lat' dir='ltr'><strong>eure</strong></span> <span class='ocrx_word' id='word_1_150' title='bbox 607 2745 693 2825; x_wconf 80' lang='lat' dir='ltr'><strong>ieoet</strong></span> <span class='ocrx_word' id='word_1_151' title='bbox 714 2743 832 2841; x_wconf 79' lang='lat' dir='ltr'><strong>seilicet</strong></span> <span class='ocrx_word' id='word_1_152' title='bbox 852 2743 887 2807; x_wconf 94' lang='lat' dir='ltr'><strong>in</strong></span> <span class='ocrx_word' id='word_1_153' title='bbox 914 2745 1070 2808; x_wconf 81' lang='lat' dir='ltr'><strong>Voououn</strong></span> <span class='ocrx_word' id='word_1_154' title='bbox 1100 2743 1185 2808; x_wconf 86' lang='lat' dir='ltr'><strong>inter</strong></span> <span class='ocrx_word' id='word_1_155' title='bbox 1212 2751 1330 2809; x_wconf 88' lang='lat' dir='ltr'><strong>terrem</strong></span> <span class='ocrx_word' id='word_1_156' title='bbox 1359 2745 1519 2828; x_wconf 80' lang='lat' dir='ltr'><strong>quondum</strong></span> <span class='ocrx_word' id='word_1_157' title='bbox 1550 2747 1741 2809; x_wconf 75' lang='lat' dir='ltr'><strong>nmmum</strong></span> <span class='ocrx_word' id='word_1_158' title='bbox 1773 2825 1778 2837; x_wconf 34' lang='grc' dir='ltr'><strong><em>Ι</em></strong></span> 
     </span>
     <span class='ocr_line' id='line_1_16' title="bbox 364 2857 1740 2961; baseline -0.001 -21"><span class='ocrx_word' id='word_1_159' title='bbox 364 2882 397 2940; x_wconf 92' lang='lat' dir='ltr'><strong>et</strong></span> <span class='ocrx_word' id='word_1_160' title='bbox 418 2883 536 2940; x_wconf 89' lang='lat' dir='ltr'><strong>terrem</strong></span> <span class='ocrx_word' id='word_1_161' title='bbox 556 2894 652 2959; x_wconf 84' lang='lat' dir='ltr'><strong>quem</strong></span> <span class='ocrx_word' id='word_1_162' title='bbox 672 2873 777 2961; x_wconf 86' lang='lat' dir='ltr'><strong>dietue</strong></span> <span class='ocrx_word' id='word_1_163' title='bbox 798 2873 999 2937; x_wconf 73' lang='lat' dir='ltr'><strong>mmmmm</strong></span> <span class='ocrx_word' id='word_1_164' title='bbox 1017 2874 1099 2938; x_wconf 84' lang='lat' dir='ltr'><strong>filiue</strong></span> <span class='ocrx_word' id='word_1_165' title='bbox 1128 2873 1289 2939; x_wconf 64' lang='lat' dir='ltr'><strong>bitumen</strong></span> <span class='ocrx_word' id='word_1_166' title='bbox 1309 2879 1343 2939; x_wconf 91' lang='lat' dir='ltr'><strong>et</strong></span> <span class='ocrx_word' id='word_1_167' title='bbox 1363 2875 1460 2940; x_wconf 76' lang='lat' dir='ltr'><strong>Ieme</strong></span> <span class='ocrx_word' id='word_1_168' title='bbox 1489 2857 1668 2939; x_wconf 75' lang='lat' dir='ltr'><strong>debuerunt</strong></span> <span class='ocrx_word' id='word_1_169' title='bbox 1699 2874 1740 2939; x_wconf 86' lang='lat' dir='ltr'><strong>ed</strong></span> 
     </span>
     <span class='ocr_line' id='line_1_17' title="bbox 363 3004 1741 3087; baseline -0.001 -15"><span class='ocrx_word' id='word_1_170' title='bbox 363 3008 490 3072; x_wconf 84' lang='lat' dir='ltr'><strong>firmem</strong></span> <span class='ocrx_word' id='word_1_171' title='bbox 517 3005 558 3071; x_wconf 92' lang='lat' dir='ltr'><strong>de</strong></span> <span class='ocrx_word' id='word_1_172' title='bbox 585 3025 637 3070; x_wconf 92' lang='lat' dir='ltr'><strong>me</strong></span> <span class='ocrx_word' id='word_1_173' title='bbox 667 3006 760 3087; x_wconf 84' lang='lat' dir='ltr'><strong>oujue</strong></span> <span class='ocrx_word' id='word_1_174' title='bbox 787 3004 914 3068; x_wconf 90' lang='lat' dir='ltr'><strong>dimidie</strong></span> <span class='ocrx_word' id='word_1_175' title='bbox 943 3024 1016 3070; x_wconf 79' lang='lat' dir='ltr'><strong>uere</strong></span> <span class='ocrx_word' id='word_1_176' title='bbox 1045 3011 1141 3087; x_wconf 83' lang='lat' dir='ltr'><strong>ceput</strong></span> <span class='ocrx_word' id='word_1_177' title='bbox 1171 3005 1324 3069; x_wconf 70' lang='lat' dir='ltr'><strong>orientale</strong></span> <span class='ocrx_word' id='word_1_178' title='bbox 1353 3005 1534 3069; x_wconf 87' lang='lat' dir='ltr'><strong>extenditur</strong></span> <span class='ocrx_word' id='word_1_179' title='bbox 1562 3004 1604 3069; x_wconf 88' lang='lat' dir='ltr'><strong>ed</strong></span> <span class='ocrx_word' id='word_1_180' title='bbox 1623 3011 1741 3070; x_wconf 87' lang='lat' dir='ltr'><strong>terrem</strong></span> 
     </span>
     <span class='ocr_line' id='line_1_18' title="bbox 365 3123 1739 3220; baseline -0.004 -17"><span class='ocrx_word' id='word_1_181' title='bbox 365 3123 513 3203; x_wconf 73' lang='lat' dir='ltr'><strong>Humor</strong></span> <span class='ocrx_word' id='word_1_182' title='bbox 540 3139 581 3202; x_wconf 88' lang='lat' dir='ltr'><strong>de</strong></span> <span class='ocrx_word' id='word_1_183' title='bbox 611 3139 739 3203; x_wconf 77' lang='lat' dir='ltr'><strong>Auem</strong></span> <span class='ocrx_word' id='word_1_184' title='bbox 758 3143 792 3201; x_wconf 89' lang='lat' dir='ltr'><strong>et</strong></span> <span class='ocrx_word' id='word_1_185' title='bbox 812 3141 908 3220; x_wconf 82' lang='lat' dir='ltr'><strong>oeput</strong></span> <span class='ocrx_word' id='word_1_186' title='bbox 937 3135 1133 3200; x_wconf 86' lang='lat' dir='ltr'><strong>oooidentele</strong></span> <span class='ocrx_word' id='word_1_187' title='bbox 1161 3154 1260 3217; x_wconf 77' lang='lat' dir='ltr'><strong>usque</strong></span> <span class='ocrx_word' id='word_1_188' title='bbox 1289 3135 1331 3199; x_wconf 86' lang='lat' dir='ltr'><strong>ed</strong></span> <span class='ocrx_word' id='word_1_189' title='bbox 1361 3142 1480 3200; x_wconf 81' lang='lat' dir='ltr'><strong>terrem</strong></span> <span class='ocrx_word' id='word_1_190' title='bbox 1507 3135 1669 3198; x_wconf 78' lang='lat' dir='ltr'><strong>Joueurue</strong></span> <span class='ocrx_word' id='word_1_191' title='bbox 1699 3134 1739 3198; x_wconf 90' lang='lat' dir='ltr'><strong>de</strong></span> 
     </span>
     <span class='ocr_line' id='line_1_19' title="bbox 365 3265 1743 3348; baseline -0.004 -14"><span class='ocrx_word' id='word_1_192' title='bbox 365 3271 559 3335; x_wconf 74' lang='lat' dir='ltr'><strong>Lennoouu.</strong></span> <span class='ocrx_word' id='word_1_193' title='bbox 600 3270 646 3332; x_wconf 80' lang='lat' dir='ltr'><strong>Et</strong></span> <span class='ocrx_word' id='word_1_194' title='bbox 666 3287 732 3333; x_wconf 87' lang='lat' dir='ltr'><strong>une</strong></span> <span class='ocrx_word' id='word_1_195' title='bbox 745 3266 876 3331; x_wconf 83' lang='lat' dir='ltr'><strong>dimidie</strong></span> <span class='ocrx_word' id='word_1_196' title='bbox 895 3286 970 3331; x_wconf 83' lang='lat' dir='ltr'><strong>eoru</strong></span> <span class='ocrx_word' id='word_1_197' title='bbox 988 3267 1073 3348; x_wconf 82' lang='lat' dir='ltr'><strong>jeoet</strong></span> <span class='ocrx_word' id='word_1_198' title='bbox 1086 3267 1120 3330; x_wconf 91' lang='lat' dir='ltr'><strong>in</strong></span> <span class='ocrx_word' id='word_1_199' title='bbox 1133 3266 1203 3331; x_wconf 87' lang='lat' dir='ltr'><strong>loeo</strong></span> <span class='ocrx_word' id='word_1_200' title='bbox 1224 3267 1383 3348; x_wconf 79' lang='lat' dir='ltr'><strong>appelleto</strong></span> <span class='ocrx_word' id='word_1_201' title='bbox 1403 3267 1614 3330; x_wconf 74' lang='lat' dir='ltr'><strong>Mammo-</strong></span> <span class='ocrx_word' id='word_1_202' title='bbox 1636 3265 1743 3330; x_wconf 76' lang='lat' dir='ltr'><strong>emm</strong></span> 
     </span>
     <span class='ocr_line' id='line_1_20' title="bbox 365 3354 1745 3481; baseline -0.004 -16"><span class='ocrx_word' id='word_1_203' title='bbox 365 3403 450 3466; x_wconf 87' lang='lat' dir='ltr'><strong>inter</strong></span> <span class='ocrx_word' id='word_1_204' title='bbox 468 3419 567 3464; x_wconf 86' lang='lat' dir='ltr'><strong>uuum</strong></span> <span class='ocrx_word' id='word_1_205' title='bbox 586 3399 671 3464; x_wconf 82' lang='lat' dir='ltr'><strong>viem</strong></span> <span class='ocrx_word' id='word_1_206' title='bbox 690 3418 754 3481; x_wconf 89' lang='lat' dir='ltr'><strong>que</strong></span> <span class='ocrx_word' id='word_1_207' title='bbox 772 3399 837 3462; x_wconf 89' lang='lat' dir='ltr'><strong>itur</strong></span> <span class='ocrx_word' id='word_1_208' title='bbox 856 3397 896 3463; x_wconf 90' lang='lat' dir='ltr'><strong>de</strong></span> <span class='ocrx_word' id='word_1_209' title='bbox 917 3397 1069 3462; x_wconf 82' lang='lat' dir='ltr'><strong>Keueunr</strong></span> <span class='ocrx_word' id='word_1_210' title='bbox 1100 3397 1185 3480; x_wconf 82' lang='lat' dir='ltr'><strong>epud</strong></span> <span class='ocrx_word' id='word_1_211' title='bbox 1217 3400 1329 3462; x_wconf 81' lang='lat' dir='ltr'><strong>ouem</strong></span> <span class='ocrx_word' id='word_1_212' title='bbox 1349 3404 1383 3461; x_wconf 91' lang='lat' dir='ltr'><strong>et</strong></span> <span class='ocrx_word' id='word_1_213' title='bbox 1404 3354 1522 3460; x_wconf 79' lang='lat' dir='ltr'><strong>terrem</strong></span> <span class='ocrx_word' id='word_1_214' title='bbox 1550 3395 1665 3478; x_wconf 78' lang='lat' dir='ltr'><strong>prioris</strong></span> <span class='ocrx_word' id='word_1_215' title='bbox 1695 3414 1745 3459; x_wconf 89' lang='lat' dir='ltr'><strong>eo·</strong></span> 
     </span>
     <span class='ocr_line' id='line_1_21' title="bbox 367 3527 1743 3610; baseline -0.003 -15"><span class='ocrx_word' id='word_1_216' title='bbox 367 3531 462 3596; x_wconf 84' lang='lat' dir='ltr'><strong>oleeie</strong></span> <span class='ocrx_word' id='word_1_217' title='bbox 481 3530 576 3595; x_wconf 88' lang='lat' dir='ltr'><strong>beete</strong></span> <span class='ocrx_word' id='word_1_218' title='bbox 596 3529 709 3592; x_wconf 73' lang='lat' dir='ltr'><strong>Mrem</strong></span> <span class='ocrx_word' id='word_1_219' title='bbox 729 3529 770 3592; x_wconf 90' lang='lat' dir='ltr'><strong>de</strong></span> <span class='ocrx_word' id='word_1_220' title='bbox 791 3529 952 3594; x_wconf 71' lang='lat' dir='ltr'><strong>Kennnrn</strong></span> <span class='ocrx_word' id='word_1_221' title='bbox 995 3531 1038 3592; x_wconf 83' lang='lat' dir='ltr'><strong>llt</strong></span> <span class='ocrx_word' id='word_1_222' title='bbox 1050 3527 1171 3592; x_wconf 87' lang='lat' dir='ltr'><strong>dietum</strong></span> <span class='ocrx_word' id='word_1_223' title='bbox 1191 3527 1386 3610; x_wconf 77' lang='lat' dir='ltr'><strong>quarterium</strong></span> <span class='ocrx_word' id='word_1_224' title='bbox 1404 3533 1487 3593; x_wconf 88' lang='lat' dir='ltr'><strong>terre</strong></span> <span class='ocrx_word' id='word_1_225' title='bbox 1507 3527 1639 3608; x_wconf 76' lang='lat' dir='ltr'><strong>ieoetiu</strong></span> <span class='ocrx_word' id='word_1_226' title='bbox 1651 3533 1743 3609; x_wconf 82' lang='lat' dir='ltr'><strong>perte</strong></span> 
     </span>
     <span class='ocr_line' id='line_1_22' title="bbox 366 3656 1738 3744; baseline -0.004 -16"><span class='ocrx_word' id='word_1_227' title='bbox 366 3662 487 3728; x_wconf 87' lang='lat' dir='ltr'><strong>boreeli</strong></span> <span class='ocrx_word' id='word_1_228' title='bbox 515 3661 600 3744; x_wconf 88' lang='lat' dir='ltr'><strong>preti</strong></span> <span class='ocrx_word' id='word_1_229' title='bbox 627 3659 789 3743; x_wconf 86' lang='lat' dir='ltr'><strong>quendem</strong></span> <span class='ocrx_word' id='word_1_230' title='bbox 819 3659 1010 3724; x_wconf 71' lang='lat' dir='ltr'><strong>Ammon</strong></span> <span class='ocrx_word' id='word_1_231' title='bbox 1038 3659 1123 3744; x_wconf 88' lang='lat' dir='ltr'><strong>quod</strong></span> <span class='ocrx_word' id='word_1_232' title='bbox 1153 3660 1274 3724; x_wconf 90' lang='lat' dir='ltr'><strong>eeilieet</strong></span> <span class='ocrx_word' id='word_1_233' title='bbox 1294 3659 1393 3724; x_wconf 75' lang='lat' dir='ltr'><strong>Ieme</strong></span> <span class='ocrx_word' id='word_1_234' title='bbox 1419 3659 1531 3722; x_wconf 87' lang='lat' dir='ltr'><strong>hebuit</strong></span> <span class='ocrx_word' id='word_1_235' title='bbox 1552 3658 1593 3723; x_wconf 86' lang='lat' dir='ltr'><strong>ed</strong></span> <span class='ocrx_word' id='word_1_236' title='bbox 1612 3656 1738 3723; x_wconf 80' lang='lat' dir='ltr'><strong>firmem</strong></span> 
     </span>
     <span class='ocr_line' id='line_1_23' title="bbox 362 3787 1739 3858; baseline -0.006 0"><span class='ocrx_word' id='word_1_237' title='bbox 362 3793 405 3858; x_wconf 91' lang='lat' dir='ltr'><strong>de</strong></span> <span class='ocrx_word' id='word_1_238' title='bbox 424 3812 486 3855; x_wconf 90' lang='lat' dir='ltr'><strong>me.</strong></span> <span class='ocrx_word' id='word_1_239' title='bbox 527 3788 687 3854; x_wconf 86' lang='lat' dir='ltr'><strong>Hebendu</strong></span> <span class='ocrx_word' id='word_1_240' title='bbox 700 3796 732 3854; x_wconf 94' lang='lat' dir='ltr'><strong>et</strong></span> <span class='ocrx_word' id='word_1_241' title='bbox 752 3789 893 3855; x_wconf 88' lang='lat' dir='ltr'><strong>tenende</strong></span> <span class='ocrx_word' id='word_1_242' title='bbox 911 3789 997 3853; x_wconf 89' lang='lat' dir='ltr'><strong>dieto</strong></span> <span class='ocrx_word' id='word_1_243' title='bbox 1018 3789 1185 3854; x_wconf 82' lang='lat' dir='ltr'><strong>Weuuuno</strong></span> <span class='ocrx_word' id='word_1_244' title='bbox 1205 3789 1330 3853; x_wconf 70' lang='lat' dir='ltr'><strong>hom</strong></span> <span class='ocrx_word' id='word_1_245' title='bbox 1349 3789 1414 3852; x_wconf 83' lang='lat' dir='ltr'><strong>lilio</strong></span> <span class='ocrx_word' id='word_1_246' title='bbox 1434 3787 1593 3851; x_wconf 82' lang='lat' dir='ltr'><strong>Weuunru</strong></span> <span class='ocrx_word' id='word_1_247' title='bbox 1613 3788 1739 3851; x_wconf 83' lang='lat' dir='ltr'><strong>Pronnn</strong></span> 
     </span>
     <span class='ocr_line' id='line_1_24' title="bbox 367 3917 1742 4004; baseline -0.009 -11"><span class='ocrx_word' id='word_1_248' title='bbox 367 3934 401 3993; x_wconf 91' lang='lat' dir='ltr'><strong>et</strong></span> <span class='ocrx_word' id='word_1_249' title='bbox 421 3923 589 3990; x_wconf 76' lang='lat' dir='ltr'><strong>heredibus</strong></span> <span class='ocrx_word' id='word_1_250' title='bbox 610 3921 676 3986; x_wconf 86' lang='lat' dir='ltr'><strong>euie</strong></span> <span class='ocrx_word' id='word_1_251' title='bbox 695 3921 747 3984; x_wconf 85' lang='lat' dir='ltr'><strong>vel</strong></span> <span class='ocrx_word' id='word_1_252' title='bbox 767 3919 936 4004; x_wconf 80' lang='lat' dir='ltr'><strong>eeeiguetie</strong></span> <span class='ocrx_word' id='word_1_253' title='bbox 956 3920 1022 3984; x_wconf 85' lang='lat' dir='ltr'><strong>euie</strong></span> <span class='ocrx_word' id='word_1_254' title='bbox 1041 3919 1093 3985; x_wconf 81' lang='lat' dir='ltr'><strong>uel</strong></span> <span class='ocrx_word' id='word_1_255' title='bbox 1113 3918 1165 3984; x_wconf 88' lang='lat' dir='ltr'><strong>oui</strong></span> <span class='ocrx_word' id='word_1_256' title='bbox 1183 3919 1218 3983; x_wconf 92' lang='lat' dir='ltr'><strong>in</strong></span> <span class='ocrx_word' id='word_1_257' title='bbox 1237 3918 1388 3983; x_wconf 87' lang='lat' dir='ltr'><strong>extremie</strong></span> <span class='ocrx_word' id='word_1_258' title='bbox 1407 3918 1558 4000; x_wconf 73' lang='lat' dir='ltr'><strong>legaverit</strong></span> <span class='ocrx_word' id='word_1_259' title='bbox 1577 3917 1617 3982; x_wconf 90' lang='lat' dir='ltr'><strong>de</strong></span> <span class='ocrx_word' id='word_1_260' title='bbox 1637 3937 1689 3981; x_wconf 90' lang='lat' dir='ltr'><strong>me</strong></span> <span class='ocrx_word' id='word_1_261' title='bbox 1709 3923 1742 3981; x_wconf 89' lang='lat' dir='ltr'><strong>et</strong></span> 
     </span>
     <span class='ocr_line' id='line_1_25' title="bbox 369 4049 1745 4134; baseline -0.007 -10"><span class='ocrx_word' id='word_1_262' title='bbox 369 4055 537 4124; x_wconf 73' lang='lat' dir='ltr'><strong>heredibus</strong></span> <span class='ocrx_word' id='word_1_263' title='bbox 556 4052 637 4118; x_wconf 88' lang='lat' dir='ltr'><strong>meie</strong></span> <span class='ocrx_word' id='word_1_264' title='bbox 656 4051 707 4116; x_wconf 85' lang='lat' dir='ltr'><strong>vel</strong></span> <span class='ocrx_word' id='word_1_265' title='bbox 728 4050 897 4133; x_wconf 81' lang='lat' dir='ltr'><strong>eeeignetie</strong></span> <span class='ocrx_word' id='word_1_266' title='bbox 916 4049 997 4115; x_wconf 86' lang='lat' dir='ltr'><strong>meie</strong></span> <span class='ocrx_word' id='word_1_267' title='bbox 1015 4049 1112 4114; x_wconf 84' lang='lat' dir='ltr'><strong>libere</strong></span> <span class='ocrx_word' id='word_1_268' title='bbox 1133 4049 1239 4134; x_wconf 87' lang='lat' dir='ltr'><strong>quiete</strong></span> <span class='ocrx_word' id='word_1_269' title='bbox 1258 4049 1339 4114; x_wconf 90' lang='lat' dir='ltr'><strong>bene</strong></span> <span class='ocrx_word' id='word_1_270' title='bbox 1366 4049 1496 4132; x_wconf 82' lang='lat' dir='ltr'><strong>peoifioe</strong></span> <span class='ocrx_word' id='word_1_271' title='bbox 1526 4049 1647 4131; x_wconf 82' lang='lat' dir='ltr'><strong>integre</strong></span> <span class='ocrx_word' id='word_1_272' title='bbox 1678 4051 1745 4114; x_wconf 85' lang='lat' dir='ltr'><strong>eine</strong></span> 
     </span>
     <span class='ocr_line' id='line_1_26' title="bbox 370 4181 1746 4271; baseline -0.004 -20"><span class='ocrx_word' id='word_1_273' title='bbox 370 4187 562 4270; x_wconf 70' lang='lat' dir='ltr'><strong>gremmine.</strong></span> <span class='ocrx_word' id='word_1_274' title='bbox 604 4183 777 4250; x_wconf 85' lang='lat' dir='ltr'><strong>Reddendo</strong></span> <span class='ocrx_word' id='word_1_275' title='bbox 797 4182 871 4246; x_wconf 89' lang='lat' dir='ltr'><strong>inde</strong></span> <span class='ocrx_word' id='word_1_276' title='bbox 891 4183 1057 4247; x_wconf 88' lang='lat' dir='ltr'><strong>ennuetim</strong></span> <span class='ocrx_word' id='word_1_277' title='bbox 1077 4181 1173 4246; x_wconf 82' lang='lat' dir='ltr'><strong>miehi</strong></span> <span class='ocrx_word' id='word_1_278' title='bbox 1187 4189 1220 4246; x_wconf 88' lang='lat' dir='ltr'><strong>et</strong></span> <span class='ocrx_word' id='word_1_279' title='bbox 1233 4181 1404 4246; x_wconf 77' lang='lat' dir='ltr'><strong>heredibus</strong></span> <span class='ocrx_word' id='word_1_280' title='bbox 1417 4181 1467 4246; x_wconf 78' lang='lat' dir='ltr'><strong>vel</strong></span> <span class='ocrx_word' id='word_1_281' title='bbox 1480 4181 1652 4271; x_wconf 77' lang='lat' dir='ltr'><strong>essignetie</strong></span> <span class='ocrx_word' id='word_1_282' title='bbox 1666 4183 1746 4246; x_wconf 84' lang='lat' dir='ltr'><strong>meie</strong></span> 
     </span>
     <span class='ocr_line' id='line_1_27' title="bbox 371 4312 1748 4394; baseline -0.003 -11"><span class='ocrx_word' id='word_1_283' title='bbox 371 4337 472 4383; x_wconf 88' lang='lat' dir='ltr'><strong>uuum</strong></span> <span class='ocrx_word' id='word_1_284' title='bbox 490 4317 618 4380; x_wconf 93' lang='lat' dir='ltr'><strong>obolum</strong></span> <span class='ocrx_word' id='word_1_285' title='bbox 637 4313 680 4378; x_wconf 84' lang='lat' dir='ltr'><strong>ed</strong></span> <span class='ocrx_word' id='word_1_286' title='bbox 707 4314 826 4378; x_wconf 86' lang='lat' dir='ltr'><strong>loetum</strong></span> <span class='ocrx_word' id='word_1_287' title='bbox 855 4313 959 4377; x_wconf 86' lang='lat' dir='ltr'><strong>eenoti</strong></span> <span class='ocrx_word' id='word_1_288' title='bbox 989 4312 1177 4378; x_wconf 81' lang='lat' dir='ltr'><strong>Mronenme</strong></span> <span class='ocrx_word' id='word_1_289' title='bbox 1197 4319 1230 4377; x_wconf 88' lang='lat' dir='ltr'><strong>et</strong></span> <span class='ocrx_word' id='word_1_290' title='bbox 1250 4312 1378 4378; x_wconf 89' lang='lat' dir='ltr'><strong>domiuo</strong></span> <span class='ocrx_word' id='word_1_291' title='bbox 1405 4312 1501 4394; x_wconf 88' lang='lat' dir='ltr'><strong>priori</strong></span> <span class='ocrx_word' id='word_1_292' title='bbox 1528 4313 1669 4394; x_wconf 74' lang='lat' dir='ltr'><strong>prediolo</strong></span> <span class='ocrx_word' id='word_1_293' title='bbox 1697 4315 1748 4379; x_wconf 85' lang='lat' dir='ltr'><strong>vel</strong></span> 
     </span>
    </p>
   </div>
   <div class='ocr_carea' id='block_1_5' title="bbox 372 4419 1745 4528">
    <p class='ocr_par' dir='ltr' id='par_1_5' title="bbox 372 4419 1745 4528">
     <span class='ocr_line' id='line_1_28' title="bbox 372 4419 1745 4528; baseline -0.004 -15"><span class='ocrx_word' id='word_1_294' title='bbox 372 4447 424 4513; x_wconf 77' lang='lat' dir='ltr'><strong>eu</strong></span> <span class='ocrx_word' id='word_1_295' title='bbox 437 4465 494 4528; x_wconf 73' lang='lat' dir='ltr'><strong>pro</strong></span> <span class='ocrx_word' id='word_1_296' title='bbox 514 4453 655 4526; x_wconf 83' lang='lat' dir='ltr'><strong>tempore</strong></span> <span class='ocrx_word' id='word_1_297' title='bbox 675 4443 769 4508; x_wconf 73' lang='lat' dir='ltr'><strong>ruem</strong></span> <span class='ocrx_word' id='word_1_298' title='bbox 790 4443 970 4526; x_wconf 74' lang='lat' dir='ltr'><strong>quindecim</strong></span> <span class='ocrx_word' id='word_1_299' title='bbox 989 4441 1136 4508; x_wconf 66' lang='lat' dir='ltr'><strong>teneres</strong></span> <span class='ocrx_word' id='word_1_300' title='bbox 1156 4443 1302 4508; x_wconf 63' lang='lat' dir='ltr'><strong>eueniet</strong></span> <span class='ocrx_word' id='word_1_301' title='bbox 1323 4419 1446 4526; x_wconf 66' lang='lat' dir='ltr'><strong>septim</strong></span> <span class='ocrx_word' id='word_1_302' title='bbox 1465 4443 1613 4507; x_wconf 71' lang='lat' dir='ltr'><strong>denarios</strong></span> <span class='ocrx_word' id='word_1_303' title='bbox 1625 4449 1659 4508; x_wconf 74' lang='lat' dir='ltr'><strong>ee</strong></span> <span class='ocrx_word' id='word_1_304' title='bbox 1672 4444 1745 4508; x_wconf 80' lang='lat' dir='ltr'><strong>oto-</strong></span> 
     </span>
    </p>
   </div>
   <div class='ocr_carea' id='block_1_6' title="bbox 319 4563 1751 4790">
    <p class='ocr_par' dir='ltr' id='par_1_6' title="bbox 319 4563 1751 4790">
     <span class='ocr_line' id='line_1_29' title="bbox 319 4563 1742 4657; baseline -0.002 -14"><span class='ocrx_word' id='word_1_305' title='bbox 319 4563 322 4570; x_wconf 62' lang='grc'><strong>’</strong></span> <span class='ocrx_word' id='word_1_306' title='bbox 368 4579 437 4643; x_wconf 89' lang='lat' dir='ltr'><strong>lum</strong></span> <span class='ocrx_word' id='word_1_307' title='bbox 464 4576 506 4638; x_wconf 89' lang='lat' dir='ltr'><strong>ed</strong></span> <span class='ocrx_word' id='word_1_308' title='bbox 530 4575 647 4640; x_wconf 82' lang='lat' dir='ltr'><strong>loetum</strong></span> <span class='ocrx_word' id='word_1_309' title='bbox 675 4575 779 4640; x_wconf 86' lang='lat' dir='ltr'><strong>eeuoti</strong></span> <span class='ocrx_word' id='word_1_310' title='bbox 806 4573 995 4640; x_wconf 83' lang='lat' dir='ltr'><strong>Mrunenme</strong></span> <span class='ocrx_word' id='word_1_311' title='bbox 1014 4581 1048 4640; x_wconf 93' lang='lat' dir='ltr'><strong>et</strong></span> <span class='ocrx_word' id='word_1_312' title='bbox 1068 4581 1190 4657; x_wconf 80' lang='lat' dir='ltr'><strong>septem</strong></span> <span class='ocrx_word' id='word_1_313' title='bbox 1218 4572 1366 4638; x_wconf 89' lang='lat' dir='ltr'><strong>denerioe</strong></span> <span class='ocrx_word' id='word_1_314' title='bbox 1394 4579 1426 4637; x_wconf 91' lang='lat' dir='ltr'><strong>et</strong></span> <span class='ocrx_word' id='word_1_315' title='bbox 1457 4573 1585 4638; x_wconf 88' lang='lat' dir='ltr'><strong>obolum</strong></span> <span class='ocrx_word' id='word_1_316' title='bbox 1605 4573 1639 4638; x_wconf 95' lang='lat' dir='ltr'><strong>in</strong></span> <span class='ocrx_word' id='word_1_317' title='bbox 1660 4573 1742 4640; x_wconf 82' lang='lat' dir='ltr'><strong>leuto</strong></span> 
     </span>
     <span class='ocr_line' id='line_1_30' title="bbox 375 4675 1751 4790; baseline -0.001 -14"><span class='ocrx_word' id='word_1_318' title='bbox 375 4706 553 4776; x_wconf 70' lang='lat' dir='ltr'><strong>nativitatis</strong></span> <span class='ocrx_word' id='word_1_319' title='bbox 573 4705 677 4773; x_wconf 85' lang='lat' dir='ltr'><strong>eeneti</strong></span> <span class='ocrx_word' id='word_1_320' title='bbox 697 4705 859 4775; x_wconf 78' lang='lat' dir='ltr'><strong>Joueuure</strong></span> <span class='ocrx_word' id='word_1_321' title='bbox 879 4675 1018 4789; x_wconf 70' lang='lat' dir='ltr'><strong>bentiete</strong></span> <span class='ocrx_word' id='word_1_322' title='bbox 1037 4723 1096 4790; x_wconf 81' lang='lat' dir='ltr'><strong>pro</strong></span> <span class='ocrx_word' id='word_1_323' title='bbox 1116 4703 1238 4775; x_wconf 87' lang='lat' dir='ltr'><strong>berieto</strong></span> <span class='ocrx_word' id='word_1_324' title='bbox 1257 4705 1382 4774; x_wconf 79' lang='lat' dir='ltr'><strong>releviie</strong></span> <span class='ocrx_word' id='word_1_325' title='bbox 1402 4703 1519 4772; x_wconf 87' lang='lat' dir='ltr'><strong>euxilio</strong></span> <span class='ocrx_word' id='word_1_326' title='bbox 1551 4712 1640 4774; x_wconf 85' lang='lat' dir='ltr'><strong>eeote</strong></span> <span class='ocrx_word' id='word_1_327' title='bbox 1664 4707 1751 4774; x_wconf 85' lang='lat' dir='ltr'><strong>ourie</strong></span> 
     </span>
    </p>
   </div>
   <div class='ocr_carea' id='block_1_7' title="bbox 0 0 1975 5498">
    <p class='ocr_par' dir='ltr' id='par_1_7' title="bbox 0 0 1975 5498">
     <span class='ocr_line' id='line_1_31' title="bbox 0 0 1975 5498; baseline 0 0"><span class='ocrx_word' id='word_1_328' title='bbox 0 0 1975 5498; x_wconf 95' lang='lat' dir='ltr'><strong> </strong></span> 
     </span>
    </p>
   </div>
  </div>
 </body>
</html>
