3956 5488
1483 734 1543 800 269

196 1031 325 1113 ..uque
344 1050 402 1113 pes
420 1047 481 1096 nos
505 1031 794 1098 suasissem
823 1033 1012 1100 summus
1042 985 1167 1102 eures
1191 1036 1321 1121 nuum
1349 1037 1451 1102 eosne
1480 1037 1584 1120 epse

210 1165 315 1246 porcis
328 1183 386 1227 seu
399 1162 578 1228 bidentibus
591 1166 633 1228 ed
645 1165 821 1246 pescendes
840 1171 942 1230 terres
961 1165 1117 1231 dictorum
1135 1167 1363 1232 momorum
1374 1167 1429 1232 illo
1442 1173 1584 1250 tempore

209 1296 286 1360 enni
319 1297 389 1360 sine
419 1297 548 1377 speciali
587 1297 720 1360 licsnoie
744 1297 869 1361 ebbstis
901 1297 953 1361 vel
985 1297 1098 1380 prioris
1128 1317 1200 1370 ,nso
1227 1298 1262 1361 iu
1291 1297 1438 1362 domibus
1472 1315 1582 1367 sorum

120 1475 127 1494 .
208 1427 409 1490 manebimus
427 1447 487 1490 nec
500 1427 534 1489 in
555 1446 639 1509 eque
658 1427 698 1490 de
719 1427 839 1490 Num
859 1427 943 1492 inire
962 1428 1079 1492 divisus
1098 1428 1254 1492 dictorum
1272 1427 1500 1493 monechomm
1519 1429 1583 1510 pie·

209 1555 352 1620 cebimur
372 1557 492 1620 scilicet
513 1557 800 1621 seeuumunuuen
818 1563 852 1620 et
873 1557 1082 1621 nmmum
1101 1577 1160 1622 nec
1180 1557 1261 1628 elios
1279 1557 1364 1622 idem
1393 1558 1496 1621 iecere
1524 1575 1581 1638 pro

210 1687 328 1750 viribus
348 1687 465 1751 nostris
483 1687 712 1768 permittemus.
753 1691 796 1751 nt
809 1695 846 1751 ut
858 1687 918 1751 heo
938 1688 1044 1754 omnis
1063 1689 1206 1770 predicte
1218 1687 1344 1768 euobis
1363 1696 1396 1752 et
1416 1687 1582 1752 herembue

209 1818 328 1881 uostris
348 1817 483 1881 lideliter
502 1825 534 1881 et
555 1819 623 1882 sine
643 1818 717 1882 dolo
737 1825 907 1884 teneantur
919 1819 953 1881 in
966 1819 1127 1901 posterum
1147 1820 1304 1884 voluimus
1323 1819 1449 1902 quodsi
1469 1825 1582 1884 contre

209 1947 292 2012 benc
306 1955 427 2011 certem
441 1955 584 2012 nossem
597 1969 656 2012 noe
669 1969 726 2013 seu
738 1949 869 2014 heredes
882 1950 983 2014 nostri
996 1949 1102 2014 renim
1113 1950 1395 2031 presumpserimus
1414 1949 1584 2032 eliqucudo

208 2078 292 2161 quod
322 2078 405 2142 ebsit
424 2087 461 2142 ut
481 2080 591 2142 stetim
619 2081 936 2144 excommunicationi
966 2079 1186 2161 subjeceemus
1205 2087 1239 2145 et
1258 2088 1328 2145 tote
1358 2089 1443 2146 terre
1472 2089 1583 2146 nostre

208 2209 378 2272 interdicto
397 2217 535 2290 ponetur
548 2210 617 2273 sine
630 2211 795 2274 dilacione.
836 2211 891 2274 Ite
903 2210 997 2291 plene
1011 2219 1047 2275 ut
1061 2213 1259 2274 cessantibus
1279 2211 1395 2275 diuinis
1416 2229 1580 2276 censemus

207 2357 267 2402 nos
288 2345 321 2402 et
341 2339 487 2403 homines
506 2341 607 2402 nostri
627 2339 767 2402 fidelium
796 2341 991 2420 sepulturum
1015 2341 1115 2404 donec
1134 2340 1275 2422 pleneuie
1294 2341 1388 2405 dictis
1417 2341 1582 2406 monechis

207 2468 464 2534 satisfecerimus.
505 2469 550 2534 Et
571 2471 612 2533 ed
631 2473 786 2554 majorem
806 2470 1007 2534 securitatem
1036 2469 1178 2534 omnium
1198 2471 1467 2551 supradictorum
1487 2470 1580 2534 dictis

206 2599 370 2662 monechis
389 2599 449 2662 hoe
469 2600 588 2680 plegios
608 2599 802 2663 inveniemus
822 2599 967 2662 videlicet
987 2599 1168 2663 Lersensis
1187 2599 1287 2664 filium
1308 2600 1462 2663 Monesen
1483 2603 1581 2666 cum

204 2729 369 2794 dominum
382 2738 526 2795 nostrum
540 2738 572 2795 et
585 2731 717 2795 heredes
736 2730 887 2811 ejusdem.
931 2730 1031 2810 (injus
1043 2730 1175 2794 oonsilio
1194 2731 1397 2794 concessione
1411 2739 1444 2794 et
1457 2731 1580 2794 volunt·

206 2868 258 2925 ete
272 2861 357 2946 benc
370 2861 570 2925 concordiem
590 2862 721 2925 fecimus
733 2861 795 2924 nisi
809 2862 910 2925 eciem
922 2879 961 2924 es
974 2879 1034 2941 que
1053 2861 1195 2942 predicte
1215 2868 1290 2924 sunt
1310 2861 1442 2924 firmiter
1455 2881 1474 2923 a
1487 2861 1579 2924 nobis

206 2997 239 3054 et
252 2989 421 3054 heredibus
437 2991 554 3055 nostris
568 2991 684 3054 fuerint
704 2990 865 3054 custodite
884 2989 1083 3054 concedimus
1097 2997 1129 3053 et
1142 2989 1251 3054 bellivi
1270 2990 1389 3053 domini
1403 2991 1534 3054 Comitis
1548 2997 1580 3054 st

205 3120 343 3183 menime
372 3121 480 3184 bellivi
509 3129 685 3184 castrorum
705 3121 745 3184 de
766 3121 886 3184 Nur!
907 3120 1000 3184 etde
1021 3120 1226 3184 Lemonum
1246 3121 1287 3184 ed
1307 3121 1366 3184 hec
1395 3122 1502 3185 omniu
1530 3123 1577 3185 in·

205 3250 394 3314 violabiliter
413 3253 629 3316 conservande
648 3271 707 3314 nos
727 3252 930 3332 compellent.
974 3251 1073 3332 Super
1092 3252 1154 3314 hiis
1174 3252 1276 3316 eciem
1295 3252 1441 3316 omnibus
1461 3260 1498 3316 ut
1517 3253 1577 3318 hec

204 3389 315 3445 nostre
344 3382 449 3444 finelie
479 3382 646 3445 concordis
674 3383 832 3446 firmitatis
862 3383 958 3445 robur
985 3382 1128 3462 optineet
1147 3383 1181 3444 in
1200 3389 1372 3463 posterum.
1423 3385 1579 3448 Dominus

206 3513 411 3576 Wmnnnurue
436 3513 475 3575 de
495 3512 611 3575 Bucco
650 3513 879 3576 Inuusvnusrs
909 3515 1092 3578 Emsoonos
1111 3520 1144 3577 et
1164 3513 1337 3595 capitulum
1357 3516 1419 3578 loci
1437 3517 1580 3597 ejusdem

204 3650 237 3706 ct
267 3641 416 3706 dominus
446 3644 613 3712 nuncnune
642 3648 757 3710 Comes
785 3645 909 3750 Gcopo'
931 3651 964 3708 et
984 3645 1156 3708 curemus
1184 3645 1266 3708 filius
1297 3645 1452 3709 Monoecus
1483 3647 1579 3710 cusu

204 3795 269 3839 une
289 3795 362 3838 cum
383 3776 492 3857 sigillis
513 3776 631 3839 uostris
651 3775 753 3856 sigille
773 3794 832 3838 sue
851 3775 925 3837 huic
946 3775 1063 3856 scripto
1083 3782 1307 3856 opposuerunt.
1349 3775 1423 3838 Hiis
1443 3775 1578 3838 testibus

205 3907 378 3970 Summum
397 3905 553 3968 Bsumru
574 3913 650 3968 tunc
671 3905 854 3968 vicecomite
875 3905 915 3968 de
936 3905 1042 3968 sucu·
1084 3905 1252 3968 Wennnno
1271 3903 1311 3968 de
1333 3905 1460 3967 donnus
1501 3904 1577 3967 Grn-

204 4055 310 4102 snnno
330 4038 370 4100 de
390 4037 630 4098 Hominemne
671 4037 823 4100 Jonenun
844 4036 884 4099 de
905 4036 1035 4098 Rnuosu
1075 4035 1243 4099 Nrcuones
1257 4035 1296 4098 de
1309 4035 1485 4097 Lrswnnuu
1498 4040 1574 4096 tuno

204 4166 399 4232 besmede
420 4167 583 4230 Gnounnrr
624 4167 791 4230 Wsnnnno
822 4166 936 4230 Lovnn
975 4167 1123 4230 Rioenoo
1151 4166 1264 4229 clerico
1293 4165 1333 4228 de
1364 4165 1448 4226 Knn’
1491 4165 1579 4227 Ruso
1644 4225 1666 4260 Ι,

207 4297 320 4360 clerico
334 4296 374 4360 de
386 4295 592 4359 heronimus
632 4295 812 4358 Bneusnno
833 4314 874 4376 ep
896 4299 1002 4358 bissus
1041 4295 1190 4358 Wnouou
1212 4313 1253 4375 ep
1268 4298 1402 4360 cnecon
1442 4293 1578 4356 annn·

204 4446 258 4491 nuo
287 4447 330 4508 ep
360 4427 524 4491 Garumna
577 4431 712 4492 Cmoon
740 4445 782 4508 ep
803 4427 926 4490 Menos
974 4427 1135 4491 Gourouo
1164 4425 1259 4490 Goon
1310 4425 1456 4490 Wnosoru
1485 4426 1581 4490 Goon

204 4557 365 4622 Psmnmo
385 4556 451 4622 filio
472 4557 614 4622 Moenus
655 4557 841 4622 summu
860 4577 903 4641 ep
922 4557 1103 4622 annnen
1123 4557 1399 4622 renueremus
1420 4558 1521 4623 eliis.''
