3974 5500
446 633 484 693 18

448 929 639 996 Msndamue
666 928 765 1004 vobis,
786 933 819 992 eb
839 926 873 990 in
891 925 925 990 vi
944 924 1130 992 obedientiae
1157 923 1360 1010 iniungimus,
1383 923 1533 1006 quatinus
1557 925 1701 1007 proxime
1719 923 1769 990 die

404 1062 493 1126 lovis
512 1067 584 1144 puel
604 1059 738 1134 Peeobs,
759 1056 846 1126 omni
865 1055 1028 1120 occasione
1048 1060 1179 1132 temolo,
1191 1054 1232 1119 ed
1251 1055 1448 1120 nomm
1468 1055 1612 1120 venialis.
1655 1053 1768 1120 Soialis

405 1193 491 1257 enim
517 1193 601 1274 qnod
628 1191 846 1258 Wmnmnuus
874 1189 1113 1256 mhioinonue
1139 1188 1304 1256 eooleeim
1332 1189 1372 1256 de
1398 1189 1595 1254 Isssmvnu
1616 1187 1650 1250 in
1669 1205 1767 1250 mauu

405 1343 479 1388 mea
507 1329 541 1390 el
568 1322 693 1389 abbatie
714 1325 951 1388 Gnooonensuu
979 1321 1111 1388 liberam
1130 1328 1163 1387 eb
1183 1321 1323 1406 quietam
1352 1323 1470 1404 absque
1500 1320 1588 1384 omni
1608 1318 1767 1384 columnis

409 1452 550 1529 bredidib,
570 1459 604 1516 el
624 1471 659 1517 ee
678 1452 797 1516 dimieil
807 1471 816 1528 ;
847 1451 921 1515 inde
940 1458 990 1516 eet
1010 1451 1094 1534 quod
1112 1451 1301 1524 mandamus
1329 1451 1427 1527 vobis,
1448 1458 1481 1516 el
1501 1449 1682 1514 mandendo
1700 1467 1768 1532 pre-

407 1583 551 1668 cipimus,
572 1583 722 1666 quatinus
740 1581 874 1648 nuncios
893 1580 1060 1646 ebbalieel
1073 1581 1299 1648 monachorum
1313 1581 1552 1648 omnnem
1571 1579 1611 1642 de
1631 1577 1771 1664 prediola

411 1715 544 1778 eooleeie
564 1712 612 1777 su
633 1713 753 1778 cinon
773 1729 845 1776 eum
865 1712 1011 1776 omnibus
1031 1710 1072 1775 ed
1092 1731 1163 1776 eem
1182 1711 1414 1792 peuinenlibue
1433 1711 1501 1776 viee
1520 1729 1594 1774 mee
1612 1709 1769 1794 eayeiebis,

343 1871 354 1888 ·
412 1851 445 1908 el
473 1845 501 1908 ei
528 1844 673 1925 qoi[que]
710 1842 848 1924 aliquam
881 1841 969 1906 vobis
1004 1841 1068 1906 vim
1113 1841 1255 1917 fecerim,
1293 1841 1485 1906 senientiam
1530 1839 1773 1903 eeoleeiaeliosm

282 1983 287 1994 '
412 1973 600 2038 suetorilabe
620 1992 692 2036 mea
712 1972 745 2035 in
765 1972 836 2036 illoe
856 1973 1038 2036 exeroeatis.

1036 2236 1173 2302 XXVII.

922 2393 982 2456 DE
1002 2387 1271 2457 LANOABVAN.

833 2525 958 2606 [cenot
982 2525 1036 2588 en
1057 2525 1101 2588 P:
1123 2526 1254 2589 Gnooo:
1277 2541 1312 2589 n.
1335 2525 1404 2604 11.]
1572 2523 1739 2586 1163-83.

460 2658 615 2724 Omnibus
636 2657 761 2722 Sancta
782 2654 896 2721 Matris
916 2656 1056 2720 eoeleeiee
1075 2655 1158 2731 filiis,
1180 2625 1381 2732 Niouotsoe,
1402 2653 1463 2718 Dei
1477 2653 1578 2738 gratie
1591 2655 1781 2717 Lssnsvuu

420 2807 468 2854 e1s
488 2787 661 2869 episeopus,
682 2793 867 2868 perpeboum
885 2785 920 2850 in
940 2785 1067 2850 Obriebo
1086 2787 1231 2850 adulam.

461 2915 670 2983 Univereilali
688 2921 803 2980 vestra
822 2921 934 2980 nolum
953 2914 1021 2979 fieri
1040 2916 1195 2991 volumus,
1216 2915 1299 2998 qnod
1327 2915 1528 2980 Renunesue
1556 2887 1782 2978 ninivense

419 3046 658 3112 arobidisoonoe
677 3044 711 3110 in
730 3045 892 3127 presentia
910 3052 1020 3110 noeirs
1049 3045 1215 3110 ecelesiam
1236 3046 1344 3110 Sanob
1364 3046 1486 3111 (lsnoo1
1505 3045 1545 3108 de
1573 3046 1779 3119 Leimone,

420 3177 590 3243 tenendam
610 3177 650 3241 de
670 3177 784 3242 abbate
804 3183 837 3241 el
857 3183 1015 3244 eonveubu
1043 3179 1291 3253 Gnouosenem,
1312 3177 1371 3242 sub
1390 3177 1449 3240 lali
1476 3175 1657 3240 eondilione
1678 3193 1782 3240 susee-

420 3307 477 3392 pil‚
500 3306 583 3390 quod
602 3306 630 3370 si
650 3307 814 3391 sexaginta
833 3307 950 3371 solidos
969 3307 1015 3371 eie
1035 3307 1201 3371 annuatim
1221 3307 1351 3372 stabulis
1371 3306 1513 3372 lerninis
1532 3307 1584 3371 vel
1600 3305 1685 3370 infre
1700 3314 1784 3371 eole-

424 3457 499 3502 vum
518 3435 559 3502 ab
579 3433 625 3500 eie
644 3434 729 3502 diem
747 3452 813 3499 non
839 3435 977 3512 solverit,
1006 3435 1098 3500 oedeb
1118 3435 1225 3516 aione
1245 3441 1278 3500 eb
1297 3435 1495 3517 possessione
1515 3435 1613 3518 ipsius
1633 3436 1784 3511 eeclesia,

422 3564 622 3646 ibaulneque
642 3562 862 3646 appellationis
881 3563 1088 3639 obstaculum,
1110 3583 1211 3648 neque
1231 3563 1423 3639 reolemabio,
1444 3583 1546 3647 neque
1565 3565 1783 3642 oonbrediobio,

423 3713 480 3778 per
498 3693 603 3778 ipsum
621 3693 672 3760 vel
691 3711 749 3776 per
768 3693 865 3757 ulium
884 3693 979 3767 faeie,
1001 3693 1060 3757 eibi
1073 3693 1172 3775 prosit
1193 3700 1248 3757 aul
1268 3695 1383 3769 veleal,
1404 3693 1481 3777 quin
1508 3695 1656 3758 moneohi
1677 3695 1788 3758 eleum

426 3803 498 3890 eam
518 3823 707 3892 euolorilabe
728 3823 855 3906 propria
873 3822 954 3888 siout
975 3829 1284 3888 euameluaoanbem
1304 3843 1376 3888 enm
1395 3825 1596 3906 paramentis
1616 3826 1682 3892 eois
1691 3827 1789 3892 bbere

424 3953 641 4036 ingrediantur
658 3958 692 4017 el
711 3952 806 4034 plene
824 3950 1007 4032 integritate
1026 3951 1218 4032 possideane.
1260 3953 1449 4034 capellanos
1468 3954 1565 4016 eliam
1585 3955 1733 4040 deinoepe
1752 3957 1788 4020 in

426 4083 536 4146 eadem
566 4079 700 4146 eoeleaie
727 4080 961 4144 ministraturos
990 4079 1131 4172 prediolo
1159 4081 1266 4145 abbati
1295 4088 1328 4144 el
1355 4083 1520 4146 monachis
1549 4084 1654 4163 jurare
1683 4085 1790 4162 leuieb,

425 4212 508 4295 quod
528 4212 555 4276 ei
574 4213 642 4293 ipse
662 4231 683 4275 a
701 4210 843 4293 prediola
862 4209 1017 4276 solutione
1044 4209 1202 4287 deiecerit,
1224 4211 1347 4275 reddite
1366 4211 1477 4276 ebelim
1495 4215 1661 4278 monaohis
1680 4216 1788 4281 Gnou-

428 4359 571 4406 onenenn
592 4343 680 4408 olave
707 4341 849 4424 ejusdem
877 4342 1027 4418 eooleeioe,
1051 4348 1084 4406 el
1104 4341 1192 4406 nnllo
1220 4341 1279 4406 sibi
1299 4341 1367 4422 J'ure
1386 4341 1464 4406 inibi
1484 4349 1618 4420 remoto,
1640 4345 1696 4408 sed
1714 4345 1795 4427 ipsis

428 4470 593 4534 moneobie
612 4471 646 4533 in
666 4490 706 4538 ea
724 4471 859 4552 receptis
879 4471 997 4554 absque
1016 4471 1104 4536 omni
1130 4471 1357 4556 impedimento
1377 4477 1410 4536 el
1429 4473 1611 4554 preindieio‚
1640 4475 1730 4540 liberi
1750 4475 1793 4541 ab

431 4600 517 4662 omni
530 4599 720 4682 obligatione
733 4619 796 4680 que
808 4599 950 4682 prediolo
962 4601 1142 4666 fflnmuo
1155 4608 1437 4684 supermemorato.
1448 4603 1639 4672 tenebantur
1651 4605 1794 4682 eooleeia

432 4752 496 4795 non
516 4751 572 4814 per
591 4749 664 4796 eum
683 4732 837 4796 deoaebero
858 4733 913 4797 sed
932 4752 989 4814 per
1007 4733 1180 4798 monachos
1199 4735 1227 4798 ei
1246 4735 1402 4800 voluerint
1422 4741 1455 4801 eb
1473 4735 1535 4820 ipsi
1561 4735 1797 4814 ministrabunt.
