3932 5498
390 1015 579 1102 ponorisde
598 1013 763 1098 Burrrpnn
784 1015 876 1080 etde
895 1015 1069 1094 Gonmm
1087 1013 1232 1082 dedimus
1249 1013 1462 1090 uonoessirnuu
1482 1019 1516 1081 et
1537 1015 1600 1080 buo
1622 1016 1763 1098 presenti

391 1153 481 1214 nerto
500 1151 612 1230 nostre
631 1145 884 1222 confirmavimus
914 1146 1125 1212 wermere.
1138 1145 1292 1220 seauton
1309 1151 1424 1222 nostro,
1439 1151 1472 1212 et
1491 1146 1644 1211 Iouem
1669 1147 1762 1212 uxori

389 1294 446 1340 sue
467 1280 500 1339 et
519 1273 686 1356 heredibus
701 1275 771 1353 suis
783 1281 817 1357 et
837 1249 1005 1357 assignetis
1024 1276 1064 1341 de
1083 1275 1266 1358 oorporrbus
1284 1275 1454 1340 eorundem
1473 1275 1645 1357 procreetis
1663 1274 1763 1356 speci·

388 1403 472 1468 nlem
489 1411 522 1468 et
545 1403 718 1484 plenarium
737 1410 929 1486 potestetem
940 1405 1077 1470 venandi
1090 1425 1128 1470 eo
1141 1405 1353 1470 omnimodum
1373 1405 1575 1470 venationem
1594 1406 1762 1486 eujusoun·

388 1553 451 1618 pue
463 1535 584 1616 generis
597 1535 781 1599 enimelium
794 1541 862 1599 tem
874 1535 1016 1617 leporum
1034 1536 1175 1616 vulpium
1187 1541 1221 1618 et
1234 1535 1450 1599 onnioulorum
1470 1554 1566 1616 quum
1585 1541 1762 1618 oeterorum

390 1665 575 1730 minatum
598 1664 764 1729 brutorum
790 1671 823 1729 et
850 1665 1025 1730 volatilium
1044 1665 1078 1729 in
1098 1673 1168 1731 toto
1191 1666 1354 1730 weruunio
1378 1672 1488 1730 nostro
1515 1665 1555 1730 de
1584 1667 1765 1730 Putrem

389 1795 582 1862 onnioulerio
608 1803 723 1860 nostro
746 1795 786 1858 de
813 1797 993 1860 Pnurmnu
1017 1796 1052 1860 in
1072 1797 1105 1860 le
1135 1797 1376 1862 simenem
1406 1797 1538 1879 singulis
1566 1797 1762 1878 temporibus

293 2021 297 2030 Ι
383 1923 521 1990 'omnino
534 1930 665 2005 excepto
668 1970 863 1988 ...............
866 1924 1009 1990 dedimus
1028 1925 1240 1990 oonoeseimus
1252 1932 1286 1990 et
1299 1925 1360 1991 huo
1380 1927 1521 2008 presenti
1539 1933 1629 1990 uerte
1647 1932 1759 1990 nostre

389 2054 643 2120 oouflrmerimue
670 2055 789 2119 eisdem
817 2055 1015 2121 Wrrnmurro
1034 2063 1070 2119 et.
1087 2056 1239 2120 dominun
1259 2055 1350 2120 uxori
1369 2075 1426 2120 sue
1445 2055 1612 2120 heredibus
1643 2059 1764 2122 suiset

390 2185 559 2267 designetis
589 2184 720 2248 liberum
739 2192 772 2249 et
791 2183 966 2266 plenariam
992 2192 1186 2268 potestatem
1214 2185 1340 2250 emendi
1366 2185 1523 2250 vendendi
1542 2206 1580 2251 eo
1599 2189 1709 2252 omnis
1727 2194 1762 2252 et

388 2315 514 2397 singule
546 2313 748 2378 meroimonie
768 2315 1030 2400 meroundirendi
1050 2335 1087 2379 eo
1107 2313 1226 2379 eisdem
1255 2314 1352 2380 iibere
1371 2321 1403 2379 et
1423 2315 1553 2397 peoiiioe
1579 2324 1673 2398 prout
1704 2317 1762 2382 sibi

388 2445 667 2525 oomodiusiuerit
684 2443 809 2508 ituendi
820 2451 853 2507 et
866 2438 1008 2525 potiendi
1027 2444 1110 2508 inire
1128 2451 1233 2508 totum
1252 2443 1427 2508 dominium
1446 2451 1591 2510 noenum
1613 2445 1654 2510 de
1676 2448 1765 2512 Gon·

388 2593 500 2658 mu.
542 2575 735 2638 Hebeudum
755 2580 788 2638 et
808 2573 981 2637 tenendum
1010 2592 1120 2638 omues
1146 2574 1306 2655 predictus
1332 2574 1497 2639 bbertetee
1518 2575 1708 2642 donationes
1732 2585 1766 2643 et

386 2705 642 2772 oonfirmetiones
662 2710 698 2768 ut
717 2703 911 2785 premittitur
930 2701 1079 2784 predictis
1099 2703 1299 2768 Wmmnrro
1317 2711 1351 2768 et
1371 2704 1523 2769 domuum
1543 2708 1633 2770 uxori
1653 2728 1711 2772 sue
1729 2715 1763 2774 et

386 2837 554 2902 heredibus
569 2837 635 2900 suis
647 2842 680 2899 et
693 2835 861 2918 assignetis
874 2835 914 2899 de
928 2835 1018 2900 nobis
1031 2841 1064 2900 et
1077 2833 1244 2900 heredibus
1257 2835 1375 2898 nostris
1387 2835 1484 2899 iibere
1504 2837 1609 2918 quiete
1628 2837 1710 2903 bene
1730 2845 1764 2903 et

385 2965 420 3034 iu
432 2985 510 3050 psoe
523 2967 593 3048 jure
605 2965 794 3030 hereditario
807 2965 1046 3046 imperpetuum.
1088 2967 1131 3028 nt
1142 2983 1290 3038 *nosrero
1303 2964 1463 3047 prediotus
1482 2966 1704 3032 wnemuuoe
1723 2967 1763 3032 de

384 3097 525 3163 nuere
545 3104 578 3162 et
598 3095 730 3160 heredes
757 3095 858 3161 nostri
885 3113 996 3158 omnes
1024 3095 1182 3176 prsdiotos
1201 3095 1365 3160 libertates
1384 3095 1572 3160 donationes
1591 3104 1624 3161 et
1651 3099 1762 3162 ooniir·

384 3229 542 3292 motiones
562 3227 692 3292 stebiies
705 3233 794 3290 retes
806 3231 839 3290 et
852 3225 1056 3288 ineoneuseee
1069 3232 1291 3306 permerenm
1310 3227 1539 3307 prenominatis
1559 3229 1761 3294 Wmnmurro

385 3364 419 3424 et
439 3359 583 3423 domur
603 3358 694 3421 uxori
713 3377 769 3422 sue
789 3364 822 3422 et
841 3357 1009 3420 heredibus
1028 3355 1095 3420 suis
1113 3363 1146 3420 et
1159 3356 1329 3438 assignetis
1348 3363 1461 3422 oontrn
1479 3377 1590 3422 omnes
1609 3361 1762 3424 mortetes

386 3489 663 3554 verentizubimus
682 3495 715 3554 et
735 3487 939 3552 deiendemus
959 3488 1200 3570 imperpetuum.
1241 3487 1286 3551 Et
1301 3487 1504 3570 eioontingot
1523 3507 1583 3552 noe
1596 3497 1653 3552 ent
1672 3489 1761 3553 here·

381 3619 439 3686 des
458 3625 586 3684 nostros
605 3626 662 3683 eut
682 3619 819 3702 eliquem
841 3619 1028 3683 beilirorum
1061 3625 1118 3683 eut
1148 3617 1364 3683 ministrorum
1393 3627 1574 3684 nostrorum
1601 3621 1762 3702 prsdiotos

387 3753 616 3819 Wmnmnrruu
629 3758 686 3815 eut
698 3752 876 3816 Jononuuu
900 3770 957 3815 seu
974 3751 1105 3815 heredes
1126 3769 1182 3816 seu
1202 3751 1381 3834 augustos
1400 3751 1441 3816 de
1458 3751 1641 3834 hujusmodi
1660 3752 1757 3816 donee

383 3883 469 3947 tione
489 3889 600 3946 nostre
618 3887 651 3946 et
672 3881 873 3945 eonoessione
892 3880 1055 3956 molestari
1073 3879 1257 3962 perturbere
1277 3887 1334 3944 eut
1353 3881 1460 3963 ulique
1479 3887 1548 3945 urte
1566 3883 1618 3945 vel
1636 3881 1762 3963 ingenio

383 4033 555 4098 eggressus
581 4011 872 4094 ettempteverimus
892 4010 926 4073 in
950 4011 1092 4073 iutumm
1119 4009 1204 4092 quod
1231 4014 1309 4073 tuno
1337 4010 1484 4074 volumus
1503 4016 1538 4074 et
1556 4009 1758 4074 ooneedimns

381 4163 439 4227 pro
459 4143 551 4208 nobie
564 4150 597 4207 et
609 4141 777 4207 heredibus
790 4139 908 4204 nostrie
921 4139 1005 4222 quod
1024 4139 1119 4203 iidem
1139 4139 1359 4203 winemarus
1377 4145 1410 4202 et
1430 4138 1581 4202 Jonrrrue
1600 4159 1679 4203 uxor
1699 4159 1758 4202 sne

381 4279 415 4338 et
434 4274 567 4338 heredes
586 4273 636 4338 sui
654 4274 705 4338 vel
730 4273 884 4355 essigneti
909 4271 1093 4346 adhereant,
1112 4277 1145 4335 et
1174 4271 1345 4335 intendent
1374 4271 1559 4354 omnemque
1588 4271 1756 4336 voluerint.

379 4403 435 4466 lte
461 4403 545 4486 quod
571 4408 787 4468 tenementum
806 4401 982 4485 prediotum
1001 4401 1129 4465 domino
1158 4409 1269 4466 nostro
1298 4401 1377 4484 Regi
1407 4403 1534 4466 Aerem
1562 4408 1596 4466 et
1615 4402 1757 4483 ejusdem

382 4533 638 4601 intendeoionem
657 4531 776 4597 inuium
796 4531 836 4596 de
850 4532 996 4596 omnibus
1015 4531 1109 4596 terris
1129 4538 1162 4595 et
1181 4532 1372 4596 tenementis
1392 4551 1453 4615 que
1472 4531 1514 4596 de
1533 4531 1625 4596 nobie
1644 4537 1757 4595 tenum

380 4665 612 4758 inGoumu.
654 4663 835 4774 Reddentes
848 4661 950 4748 eidem
962 4662 1090 4731 domino
1103 4661 1759 4748 Regietnniiouiiodomiuostiuoieutes
