3932 5498
884 997 997 1064 001x.

254 1125 389 1193 ΟΔΒΤΔ
401 1123 614 1192 mmmm
627 1125 734 1193 OOM:
750 1124 1064 1204 chonensium,
1086 1125 1221 1192 sumn
1235 1125 1342 1194 OOM:
1364 1127 1623 1194 NOBFOLOI.

299 1258 437 1338 [ibrum
459 1277 584 1322 crure
606 1261 821 1331 llio-cusu.
843 1259 990 1322 Wsnnrs.
1012 1259 1085 1322 Bsu
1105 1259 1135 1322 2.
1157 1259 1219 1322 No.
1234 1259 1283 1338 3.]
1332 1259 1372 1322 26
1386 1258 1469 1322 Duo.
1493 1259 1582 1324 1275.

292 1387 475 1451 “Noveriut
495 1387 632 1452 universi
646 1387 688 1450 sd
701 1407 780 1469 quos
799 1407 929 1467 presens
950 1387 1102 1468 seriptum
1121 1387 1298 1467 pervenerit
1319 1386 1402 1469 quod
1416 1407 1473 1467 ego
1494 1386 1617 1450 Murm-

250 1515 299 1580 dis
318 1516 357 1580 dc
378 1516 488 1581 Cusus
509 1517 670 1580 comitisse
690 1518 921 1580 Gnouorernn
935 1523 968 1581 et
982 1517 1200 1581 Hnurrosnm
1220 1517 1293 1580 dedi
1314 1519 1456 1582 concessi
1469 1527 1502 1583 et
1516 1520 1622 1584 dimisi

250 1645 374 1710 domiue
395 1648 500 1710 Anum
521 1647 740 1711 Drsrrrrrssero
770 1647 930 1710 comitisse
960 1646 1149 1711 Nouscncrn
1168 1667 1226 1730 pro
1246 1649 1475 1732 quinqueginte
1504 1651 1620 1714 mercis

249 1778 468 1860 sterlingorum
488 1797 567 1861 ques
587 1779 678 1842 nobis
709 1777 795 1839 dedit
823 1797 879 1857 pre
908 1777 1055 1841 membus
1083 1777 1259 1842 custodiam
1288 1779 1421 1844 meusrii
1440 1780 1482 1843 de
1502 1781 1621 1846 nnso-

253 1922 350 1969 rowrs
380 1905 464 1987 quod
494 1913 544 1970 est
563 1906 598 1968 iu
617 1906 854 1971 Gmuosesurs
880 1913 912 1968 et
933 1927 962 1986 qr
975 1907 1016 1970 od
1046 1906 1107 1970 luit
1136 1907 1256 1972 domiui
1285 1909 1413 1972 Roosm
1432 1909 1473 1973 dc
1495 1909 1620 1974 Sorrsur

249 2033 367 2098 dudum
394 2036 535 2100 defuncti
564 2035 709 2102 videlicet
737 2043 877 2099 cestrum
906 2037 1030 2101 edificio
1059 2044 1160 2102 terres
1192 2037 1364 2102 eominicss
1393 2038 1528 2103 erebilcs
1548 2057 1621 2104 cum

248 2164 385 2230 dominic
404 2167 546 2231 omnium
565 2167 747 2231 tenemium
767 2167 936 2231 liberorum
949 2176 981 2230 et
995 2167 1127 2232 eliorum
1140 2187 1213 2232 cum
1225 2168 1378 2233 reditibus
1396 2169 1500 2232 boscis
1519 2169 1620 2251 precis

249 2299 371 2377 psscuis
390 2298 530 2380 pecturis
549 2297 738 2362 molendinis
758 2301 848 2380 sqrris
868 2298 1010 2380 piscariis
1030 2299 1088 2362 siis
1114 2299 1236 2362 semitis
1255 2307 1288 2364 et
1309 2301 1454 2364 omuibus
1483 2300 1554 2366 eliis
1574 2299 1617 2366 cd

249 2426 365 2492 dictun
395 2428 572 2491 manerium
598 2429 839 2510 pertinentibus,
862 2437 895 2492 et
914 2429 1015 2492 eciem
1035 2447 1109 2492 cum
1136 2429 1282 2494 omnibus
1311 2431 1480 2496 mobilibus
1506 2438 1539 2496 et
1560 2431 1618 2494 im·

250 2561 413 2625 mobilibus
432 2561 466 2622 in
487 2560 598 2624 eodem
626 2561 769 2624 msuerio
798 2561 945 2624 inventis.
987 2561 1032 2624 Et
1062 2580 1136 2624 cum
1165 2561 1311 2626 omnibus
1330 2563 1432 2626 blsdis
1452 2562 1619 2626 semiustis

250 2689 280 2754 iu
299 2692 392 2755 terris
411 2690 578 2755 dominicis
595 2691 730 2754 msuerii
749 2709 816 2754 uus
834 2711 908 2755 cum
927 2689 1073 2754 omnibus
1092 2691 1195 2754 blsdis
1215 2692 1249 2753 in
1269 2691 1398 2783 grangis
1416 2698 1450 2756 et
1470 2693 1618 2774 grenerio

244 2820 448 2886 existentibus
468 2827 501 2884 et
521 2819 668 2883 omnibus
688 2820 759 2884 eliis
778 2819 953 2901 rebusque
973 2819 1065 2884 nobis
1095 2821 1276 2902 contingere
1304 2828 1454 2904 poterunt
1484 2824 1613 2889 rscious

247 2949 325 3014 dicte
345 2949 488 3015 custodie
508 2948 633 3013 heredis
652 2948 786 3031 predicti
805 2949 924 3012 domini
944 2950 1072 3013 Roosm
1091 2949 1132 3014 de
1154 2949 1286 3013 Sonus
1315 2950 1435 3014 dudum
1463 2950 1615 3016 defuncti.

247 3081 436 3146 Hsbcndum
455 3087 488 3146 st
520 3080 693 3145 tenendum
720 3079 899 3162 predictum
928 3081 1105 3144 menesium
1133 3099 1207 3144 cum
1236 3081 1382 3145 ommbus
1411 3083 1616 3162 pertinenciis

247 3211 307 3275 suis
320 3219 354 3274 et
367 3209 514 3274 omudrus
533 3209 625 3274 bonis
639 3215 671 3274 et
684 3208 778 3273 rebus
797 3209 1026 3291 prenomiuetis
1044 3209 1186 3292 predicte
1205 3209 1332 3275 domine
1353 3209 1458 3276 Anus!
1472 3219 1506 3280 et
1519 3214 1610 3278 hers·

246 3339 334 3405 dibus
354 3339 420 3404 suis
439 3339 490 3402 vel
510 3337 576 3402 suis
596 3337 764 3420 sesiguetis
784 3344 817 3402 et
837 3337 1014 3420 ubicunque
1033 3340 1084 3403 sel
1104 3337 1278 3421 cuicunque
1297 3339 1417 3406 dictem
1437 3345 1614 3410 custodium

246 3491 315 3536 cum
327 3469 474 3535 omnibus
493 3467 642 3551 predictis
654 3469 730 3533 dere
749 3467 885 3532 vendere
905 3467 1009 3548 legere
1021 3469 1073 3532 vel
1086 3469 1246 3550 essignere
1265 3469 1399 3536 voluerit
1413 3491 1433 3536 e
1446 3473 1497 3538 dis
1511 3475 1616 3540 seucti

248 3603 409 3666 burrum
429 3619 515 3664 mne
535 3599 623 3681 regui
643 3599 737 3680 Regis
757 3598 918 3662 nossem
938 3605 1052 3681 quarto
1071 3618 1170 3681 usque
1191 3600 1232 3663 sd
1251 3601 1379 3682 plenem
1393 3609 1426 3666 et
1439 3603 1614 3686 legitimam

246 3739 364 3796 steteru
393 3731 523 3794 &eum
546 3731 588 3794 de
617 3730 749 3794 Scirum
778 3729 836 3792 filii
855 3734 888 3792 et
913 3728 1039 3794 heredis
1069 3731 1242 3812 supradicti
1271 3731 1391 3796 domiui
1415 3733 1545 3798 Rodum
1572 3735 1614 3800 ds

246 3863 368 3929 eones
397 3861 518 3926 dudum
545 3859 696 3924 defuncti.
745 3858 790 3922 Et
819 3877 878 3922 ucs
901 3858 1045 3940 predicte
1075 3859 1219 3923 Metildis
1247 3860 1380 3924 heredes
1405 3867 1438 3924 et
1458 3862 1614 3944 essigneti

244 3996 344 4060 nostri
373 3991 650 4059 wmentizebimus
679 4009 718 4055 sc
746 3987 956 4071 quietebimus
985 3995 1019 4052 et
1044 3987 1248 4052 defendemus
1278 3989 1455 4052 custodium
1479 3990 1614 4071 predicti

244 4125 375 4192 menesii
394 4144 468 4189 cum
487 4123 636 4188 omuibus
652 4121 856 4204 pertinenciis
875 4127 909 4184 et
929 4119 1076 4184 omnibus
1101 4121 1243 4202 superius
1271 4119 1443 4184 nominetis
1472 4121 1613 4202 predicte

243 4257 367 4323 domiue
387 4256 492 4318 suurn
505 4261 539 4318 et
552 4251 719 4318 heredibus
738 4259 773 4316 ct
791 4250 961 4333 sssigustis
980 4251 1047 4316 suis
1066 4269 1165 4334 usque
1185 4249 1227 4312 sd
1245 4249 1374 4331 plenem
1385 4257 1419 4314 et
1438 4251 1613 4333 legitimum

245 4397 362 4456 ststem
381 4386 515 4470 predicti
535 4387 663 4450 Bourssr
683 4384 767 4450 inire
786 4389 907 4449 etstcm
935 4381 1113 4448 existentis.
1155 4381 1196 4444 In
1216 4381 1306 4461 cujus
1326 4381 1372 4444 rei
1393 4385 1611 4452 testimouium

242 4519 299 4583 hes
329 4519 438 4584 literm
466 4523 593 4582 nosses
625 4513 766 4598 predicte
790 4513 916 4577 domins
947 4513 1053 4575 Anus
1086 4511 1154 4575 lieri
1186 4512 1317 4576 lecimus
1336 4519 1494 4593 petentes.
1536 4515 1612 4582 Hiis

242 4652 375 4722 metue
407 4649 537 4719 dominc
571 4647 752 4720 suenus
785 4645 903 4714 Buuur
942 4645 1071 4712 dominc
1104 4643 1349 4712 Bsurueuorrsc
1378 4647 1419 4712 de
1449 4647 1482 4714 le
1512 4647 1611 4711 Moru
