3986 5502
1456 735 1514 796 123

186 1035 268 1100 viam
287 1041 323 1100 et
354 1033 457 1100 eoiam
475 1031 510 1098 in
540 1033 682 1118 prediola
710 1034 798 1098 ouria
825 1041 954 1116 propter
984 1035 1178 1100 audientiam
1199 1040 1231 1098 et
1252 1035 1371 1100 bullam
1391 1034 1425 1098 in
1445 1035 1555 1098 eadem

185 1167 270 1230 ouria
290 1165 346 1228 din
367 1185 554 1246 enepeneam
573 1172 609 1230 ut
630 1164 788 1230 dicebant.

221 1295 337 1360 haten
357 1296 555 1360 Wmnmnue
577 1295 706 1359 Soanne
729 1294 904 1358 monaohue
925 1295 964 1358 de
986 1293 1128 1360 Maean
1161 1298 1286 1378 juratus
1306 1300 1338 1358 et
1359 1294 1556 1360 examinatus

184 1445 277 1508 anper
296 1427 440 1510 prediola
460 1427 670 1510 appellatione
684 1433 718 1490 et
730 1429 802 1510 ejus
815 1445 913 1490 oauaa
925 1433 959 1489 et
973 1425 1043 1490 aliie
1057 1425 1305 1492 oironmetanoiie
1325 1425 1554 1508 eupraeoriptie.

185 1557 274 1622 Idem
295 1557 372 1621 dioit
392 1565 426 1621 et
446 1558 616 1622 coneordat
637 1577 710 1620 oum
730 1557 828 1621 fratre
848 1557 1000 1622 ioman
1021 1559 1244 1639 preoonjnrato
1265 1575 1334 1619 eno.

185 1687 296 1750 Frater
316 1689 495 1752 Pmmane
515 1688 556 1750 de
576 1687 797 1750 Kenenaannt
817 1687 993 1752 monaohne
1013 1687 1053 1750 de
1074 1687 1217 1750 Maeona
1236 1689 1363 1770 juratus
1387 1692 1419 1750 et
1441 1684 1557 1752 exemi·

185 1825 279 1882 natne
299 1837 394 1900 anper
413 1818 556 1900 prediola
576 1818 787 1900 appellatione
807 1824 840 1882 et
861 1821 932 1901 ejne
952 1837 1050 1884 nanee
1069 1824 1102 1880 et
1123 1817 1193 1882 aliie
1218 1817 1467 1882 eircnmetanoiie
1487 1837 1558 1902 enp-

185 1949 358 2031 naeeriptie.
399 1950 491 2012 Idem
511 1949 588 2012 dioit
608 1957 642 2013 et
661 1948 833 2014 oonoordat
853 1969 926 2012 oum
945 1950 1044 2013 fratre
1072 1949 1225 2014 ioman
1244 1951 1468 2031 preeonjnnato
1489 1967 1556 2023 eno,

186 2079 327 2144 adiciens
346 2079 430 2162 qnod
460 2081 528 2160 ipee
557 2079 684 2160 propria
712 2098 811 2143 mann
842 2079 968 2160 eoripeit
998 2085 1141 2144 tenorem
1170 2065 1391 2161 appellationis
1416 2080 1557 2162 prediote

185 2229 280 2292 quam
300 2209 461 2290 prediatus
480 2215 665 2290 proourator
685 2209 723 2271 de
740 2209 883 2272 Manen
897 2209 932 2271 in
944 2209 1085 2291 predicto
1105 2211 1244 2276 erastino
1266 2211 1376 2276 Sanoti
1395 2212 1560 2277 Hmamt

187 2338 376 2419 interposuit
396 2339 437 2402 ab
456 2338 619 2402 audientia
639 2338 797 2402 dictorum
816 2339 929 2404 deoani
948 2347 982 2406 el
1002 2341 1142 2407 Roonn

225 2468 381 2550 Magister
401 2468 591 2531 N1ononane
612 2469 651 2532 de
672 2469 852 2534 Kaennonn
872 2461 1012 2552 phisione
1038 2474 1163 2554 jnratne
1183 2477 1216 2536 et
1236 2473 1436 2542 examinatae
1466 2493 1560 2555 anper

185 2599 328 2684 predicta
348 2598 560 2680 appellatione
573 2603 605 2660 et
620 2601 690 2682 ejus
716 2619 813 2663 oauea
826 2606 859 2664 et
873 2601 944 2664 aliie
963 2602 1213 2666 oironmetanoiis
1232 2603 1426 2668 memoratio.
1468 2602 1559 2668 Idem

186 2729 261 2794 dicit
274 2737 309 2792 et
334 2729 504 2792 coneordat
525 2749 599 2792 oum
618 2730 716 2794 fratre
736 2729 889 2794 Jonannn
908 2736 1131 2816 preeonjnrato
1153 2753 1211 2796 eno
1231 2739 1362 2815 excepto
1382 2734 1466 2815 qnod
1486 2733 1559 2798 mie-

185 2860 266 2924 eioni
286 2861 470 2924 nuntiorum
489 2859 703 2941 predictorum
733 2883 798 2926 non
817 2863 961 2926 interfuit
991 2863 1072 2928 bene
1101 2869 1209 2926 lemen
1230 2863 1290 2926 soit
1310 2863 1436 2928 literam
1466 2883 1560 2946 anper

185 2992 272 3056 diota
290 2993 503 3075 appellatione
522 2996 728 3079 impetratam
746 2995 843 3060 nisae
857 3015 878 3059 a
891 2995 965 3060 aede
986 2994 1161 3078 apostoliea
1180 2993 1221 3060 ad
1242 3013 1339 3077 qnam
1359 2995 1419 3060 init
1440 2995 1558 3078 appell·

187 3131 285 3188 atum.

221 3255 334 3318 Μαι
353 3255 522 3322 lemme
542 3258 582 3321 de
595 3259 798 3322 Nove-mne
817 3256 994 3322 monachus
1006 3256 1046 3322 de
1058 3255 1203 3320 Menam
1222 3259 1348 3340 juratus
1370 3265 1403 3322 et
1418 3259 1557 3324 examin·

185 3391 258 3448 atne
278 3405 374 3467 anper
392 3387 533 3467 predicta
553 3389 765 3470 appellatione
785 3394 818 3452 et
838 3391 909 3472 ejus
930 3406 1027 3451 eausa
1039 3393 1072 3450 et
1086 3386 1158 3450 aliie
1177 3387 1406 3452 eleemetaneiie
1425 3408 1558 3454 memor·

186 3514 248 3578 atie
267 3513 353 3578 idem
372 3514 449 3578 dicit
469 3523 503 3578 et
522 3517 694 3582 oonoordat
715 3534 788 3581 enm
808 3519 905 3581 fretra
925 3517 1078 3582 Jonannn
1099 3521 1322 3602 preoonJ'nrato
1343 3539 1412 3584 ano.

227 3644 383 3725 Magister
410 3645 566 3710 Menoe
596 3647 636 3710 de
668 3646 839 3710 Sneunnon
870 3647 1002 3712 olerioue
1032 3649 1157 3730 juratae
1178 3655 1210 3712 ot
1236 3650 1437 3714 examinatus
1465 3669 1560 3732 anper

188 3773 274 3836 dieta
304 3773 516 3855 appellatione
547 3781 580 3838 et
611 3779 681 3859 eine
710 3795 808 3840 oanea
826 3782 860 3840 et
886 3776 957 3840 aliia
987 3777 1237 3844 oironmetaneiie
1266 3781 1426 3861 predictis.
1468 3780 1560 3845 Idem

187 3904 263 3968 dioit
275 3911 309 3968 et
323 3905 493 3968 oonoordet
513 3925 586 3970 enm
606 3907 703 3972 tratre
723 3907 876 3974 sonam
896 3910 998 3991 primo
1018 3912 1125 3993 jurato
1146 3911 1285 3976 adioiene
1298 3919 1331 3976 et
1343 3915 1455 3995 jurans
1475 3911 1559 3993 qnod

187 4033 331 4117 inoeptne
346 4043 385 4114 ,et
404 4042 533 4100 ooaotne
552 4036 735 4122 hujusmodi
755 4039 974 4104 testimoninm
993 4039 1083 4104 dixit.

843 4202 907 4267 GL.

249 4329 516 4397 oolffosmo
536 4331 674 4398 monn
693 4333 832 4397 INTER
850 4329 1139 4408 nnwnLINUM,
1161 4331 1419 4408 PRINCIPEM,
1440 4331 1499 4398 ET

369 4459 587 4525 DOMINUM
618 4459 877 4524 GILBER'PUM
896 4460 957 4522 ΒΕ
989 4461 1140 4535 ΟΒΔΒΕ,
1163 4461 1377 4526 comant.

408 4592 467 4671 [Pz
489 4591 532 4655 R:
555 4593 598 4657 0:
621 4593 761 4657 Reman:
783 4592 922 4655 Mum:
944 4591 1052 4653 Ima
1071 4607 1101 4654 e.
1123 4591 1225 4655 Fonto
1245 4593 1334 4675 366.]
1425 4596 1514 4661 1268.

230 4719 424 4803 Compoeitio
445 4721 531 4786 faeta
559 4720 642 4786 inter
722 4720 783 4785 Die
795 4719 889 4786 lone
908 4719 1052 4801 proxima
1071 4728 1146 4785 anto
1159 4720 1277 4786 feetnm
1299 4723 1347 4788 sti
1368 4723 1556 4788 M1onann1e
