3974 5500
1417 657 1569 722 .17

239 967 262 1011 a
281 947 442 1011 solutione
462 948 680 1030 prenominati
700 971 814 1015 census
834 951 917 1016 inira
944 953 1073 1017 octabas
1101 955 1307 1019 terminorum
1335 943 1493 1033 deiecerit,
1515 959 1604 1021 resti·

239 1085 311 1142 tuat
331 1077 499 1142 monachis
519 1079 755 1144 Gnoucusrsrm
775 1083 941 1163 prefatam
960 1086 1125 1148 ecclesiam
1146 1087 1262 1168 absque
1283 1091 1369 1150 omni
1382 1089 1606 1152 reclamatione

241 1227 303 1272 sua
322 1208 373 1273 vsl
394 1227 532 1285 snorum,
553 1216 586 1273 st
600 1211 695 1274 libers
707 1211 799 1274 nobis
813 1213 1012 1276 audientibus
1026 1216 1180 1278 concessit
1195 1223 1230 1279 ut
1244 1216 1425 1280 districtiori
1440 1219 1606 1282 sententie

240 1338 418 1418 subjaceat,
440 1338 469 1402 ai
488 1345 655 1420 postquem
675 1360 695 1404 a
715 1341 870 1406 solutione
900 1341 1058 1417 deiecerit,
1088 1345 1222 1408 eandem
1250 1347 1415 1410 ecclesiam
1442 1349 1607 1412 monachis

246 1469 385 1534 detinere
404 1471 648 1550 presumpserit.

286 1599 375 1678 Quod
395 1601 470 1681 quia
488 1606 593 1664 ratum
613 1602 756 1666 volumus
776 1621 969 1683 permanere,
1001 1605 1149 1699 presenti
1170 1606 1286 1688 scripto
1306 1606 1442 1689 sigillum
1461 1617 1606 1672 nostrum

243 1731 457 1812 apposuimus,
479 1736 529 1792 sto
548 1735 609 1792 stc.

755 1891 758 1899 ’
875 1925 975 1989 xxv.

751 2076 810 2139 DE
830 2077 1100 2142 LANOARVAN.

552 2193 555 2200 ’
610 2198 733 2277 [Gasut
756 2199 811 2262 Sur
831 2199 934 2261 Pausi
955 2199 1086 2262 Gnoso:
1108 2217 1143 2260 11.
1167 2200 1233 2277 ln]
1398 2200 1566 2262 nee-83.

283 2327 539 2406 N[1orrouaus],
567 2323 627 2388 Dei
645 2327 755 2408 gratie
774 2328 1001 2392 Larosvussrs
1021 2328 1195 2409 episcopus,
1216 2327 1370 2392 universis
1392 2329 1517 2392 Sancte
1538 2329 1606 2391 Ma

243 2458 301 2520 tris
321 2456 460 2520 οωΙοείω
480 2457 564 2531 filiis,
586 2457 721 2520 salutem
742 2464 774 2521 et
793 2457 1054 2522 benedictionem.

282 2589 403 2650 Notum
422 2587 555 2650 iacimus
575 2586 700 2650 caritati
719 2591 842 2660 vestras,
864 2586 947 2667 quod
967 2587 1125 2651 omarus
1144 2587 1384 2652 archidiaconus
1398 2594 1515 2662 noster,
1530 2587 1606 2652 divi·

241 2737 293 2780 na
312 2717 410 2780 ductu
429 2717 568 2797 pietatis,
590 2723 622 2780 et
643 2735 750 2779 amore
768 2716 994 2780 venerabilium
1014 2717 1148 2782 fratrum
1173 2726 1353 2783 nostrorum
1380 2717 1608 2782 monachorum

241 2854 489 2926 Gmucasrsrn,
511 2852 545 2914 iu
564 2851 725 2932 presentie
743 2859 854 2915 nostra
873 2852 1068 2918 renunciavit
1088 2853 1159 2934 juri,
1181 2855 1311 2936 siquod
1330 2854 1478 2928 habebat,
1499 2853 1533 2914 in
1558 2872 1607 2916 sc·

241 2983 338 3044 clasis
359 2981 467 3045 Sancti
488 2981 609 3043 Ganoor
629 2980 669 3042 da
688 2979 894 3054 morarer,
916 3000 986 3061 qua
1001 2981 1040 3044 da
1060 2982 1129 3062 jura
1150 2983 1190 3046 ad
1211 2983 1338 3046 eoadem
1351 2983 1523 3046 monachos
1539 3005 1607 3064 par-

238 3104 341 3167 tinere
361 3103 543 3192 dinoscitur.
584 3087 629 3164 Et
649 3101 783 3165 candem
812 3103 976 3166 ecelesiam
996 3123 1103 3166 coram
1122 3104 1213 3168 nobis
1233 3112 1266 3168 st
1296 3106 1437 3185 pluribus
1457 3115 1525 3170 tam
1545 3111 1606 3170 cle·
1731 3177 1734 3184 Δ

238 3227 313 3289 riuis
332 3234 366 3290 et
386 3227 474 3289 laicis
496 3225 660 3306 abjuravit,
682 3223 765 3305 quod
785 3231 818 3286 st
847 3209 934 3305 prius
963 3225 998 3287 in
1029 3226 1168 3306 capitulo
1196 3226 1409 3307 predictorum
1438 3231 1606 3292 monacho-

237 3377 311 3418 rum
331 3357 426 3418 tactis
446 3356 520 3418 feeit
540 3354 719 3436 evangeliis.
762 3353 919 3430 Quoniam
938 3362 1046 3418 autern
1076 3357 1117 3419 ad
1144 3364 1289 3420 nostrum
1320 3366 1443 3440 spectat
1471 3361 1607 3424 officium

237 3484 312 3566 paci
331 3492 364 3547 st
384 3484 482 3565 quieti
501 3483 652 3557 omnium,
663 3483 838 3564 prasertim
859 3481 927 3545 Deo
948 3485 1161 3560 servientium,
1176 3486 1319 3550 devotius
1339 3487 1513 3565 intendere,
1528 3511 1606 3572 prae·

236 3615 339 3680 iatam
359 3615 629 3677 renunciationem
648 3613 813 3694 presentis
833 3613 942 3693 scripti
961 3615 1040 3676 serie
1061 3615 1277 3692 testificamur,
1299 3623 1331 3680 et
1345 3621 1607 3699 prenominatam

236 3745 405 3809 ecclesiam
425 3745 555 3807 liberam
576 3750 608 3806 et
628 3743 768 3823 quietam
782 3761 854 3804 cum
877 3743 1022 3808 omnibus
1041 3737 1242 3826 pertinentiis
1256 3747 1321 3809 suis
1336 3749 1404 3810 Deo
1419 3756 1451 3810 et
1466 3750 1605 3814 ecclesia
1625 3813 1630 3822 ,
1665 3829 1667 3833 Ι

235 3876 334 3940 Beati
354 3877 457 3938 Para
487 3875 718 3948 confirmamus,
739 3881 929 3954 presentem
948 3882 1070 3940 cartam
1089 3876 1183 3958 sigilli
1203 3877 1304 3942 nostri
1323 3877 1497 3940 munimina
1517 3879 1605 3942 robo-
1651 3913 1653 3918 ,

233 4014 358 4082 rantes,
379 4013 430 4070 stc
451 4013 511 4069 stc.

839 4109 965 4174 XXVI.

739 4239 799 4302 DE
821 4239 1091 4306 LANOARVAN.

591 4371 718 4452 [Onam
741 4369 797 4432 Sur
818 4369 922 4434 Purra
942 4372 1055 4434 Gnoso
1066 4389 1110 4434 :m
1133 4373 1203 4450 13.]
1393 4373 1562 4436 1149-83.

278 4501 478 4576 Nrcnonsus,
500 4500 560 4563 Dei
589 4501 691 4582 gratia
718 4501 946 4565 Innnsvuusm
974 4501 1148 4582 episcopus,
1169 4503 1208 4565 J:
1230 4500 1350 4566 decano
1370 4503 1409 4566 ds
1430 4505 1600 4577 Pauuuua,

236 4637 271 4693 et
285 4631 451 4694 Wanrsao
465 4629 504 4692 de
518 4631 640 4707 Mnus’,
662 4639 695 4697 st
716 4633 761 4701 0:
784 4632 823 4700 ds
844 4633 979 4709 mans,
1002 4639 1034 4696 et
1055 4633 1113 4697 W:
1135 4634 1243 4699 desto
1264 4635 1445 4710 Hrnuaero,
1468 4633 1603 4698 salutem

234 4768 268 4824 et
288 4759 547 4832 benedictionem,
913 4769 916 4776 '
