3932 5498
1447 717 1505 780 231

168 1013 366 1099 prepositiij
389 1031 495 1096 opere.
536 1011 577 1079 In
596 1011 781 1082 vendicione
807 1014 923 1100 xxxviij
945 1016 1030 1084 unde
1050 1016 1090 1082 de
1110 1017 1287 1086 teescoicne
1316 1021 1359 1086 ix.
1401 1021 1446 1087 iit
1467 1023 1546 1088 nihil

168 1151 327 1211 somnust.

501 1363 690 1430 Memmi
710 1367 750 1431 de
770 1365 967 1431 nomm
986 1383 1056 1432 cun
1076 1367 1225 1432 Rerum.
1522 1435 1525 1440 Δ

214 1461 370 1562 mortus
388 1497 497 1562 esne.
538 1497 630 1561 nem
657 1495 826 1578 sponsor
846 1496 886 1561 oe
899 1496 954 1579 xiij
964 1496 996 1561 li.
1018 1497 1108 1562 xixo.
1129 1498 1181 1560 ob.
1202 1517 1234 1580 q.
1263 1499 1457 1582 recepticio
1477 1501 1545 1565 ror-

170 1623 240 1691 ditn
260 1628 359 1692 sssise
386 1635 454 1692 tem
483 1628 652 1693 hbenornm
670 1646 767 1711 quem
794 1627 1058 1692 oustnmeriornm
1077 1627 1111 1690 in
1130 1628 1272 1692 monerio
1291 1628 1331 1694 de
1351 1593 1547 1696 hemmone

173 1763 207 1820 et
227 1758 366 1820 norm
386 1757 428 1822 sd
448 1757 599 1822 terminos
618 1757 714 1822 Besti
733 1758 895 1822 Jonssms
914 1757 1053 1839 baptiste
1073 1763 1106 1822 et
1128 1757 1238 1822 Sancti
1263 1757 1461 1825 Mronsnms.
1502 1762 1547 1827 Et

167 1883 212 1948 de
230 1886 276 1967 iiij
288 1885 320 1948 d.
350 1887 486 1968 receptis
514 1885 555 1951 de
574 1886 629 1968 viij
648 1886 739 1951 ferris
758 1885 881 1970 equinis
900 1875 1036 1969 receptis
1055 1886 1096 1951 de
1115 1886 1242 1952 redditu
1262 1888 1372 1954 essiss.
1415 1891 1546 1956 summe

171 2016 270 2096 siju.
292 2017 380 2082 xixs.
401 2017 489 2099 iiijd.
511 2017 563 2082 ob.
584 2038 616 2101 q.

211 2146 328 2210 Exitus
355 2147 499 2212 manerii.
540 2147 633 2212 Idem
660 2146 830 2230 respondet
858 2146 898 2210 de
918 2145 941 2229 ij
953 2165 979 2211 s.
999 2147 1075 2230 vid.
1107 2141 1147 2212 de
1173 2148 1310 2214 exitrine
1329 2149 1341 2232 j
1363 2150 1548 2217 columbarii

168 2277 288 2342 ibidem
316 2278 486 2359 peridem
516 2285 651 2359 tempus.
701 2278 746 2341 Et
766 2277 806 2341 de
825 2271 896 2358 dis.
917 2276 957 2340 de
976 2276 1127 2359 herbsgio
1146 2285 1180 2342 et
1199 2279 1309 2344 urticis
1329 2279 1364 2342 in
1383 2281 1548 2364 curtilagia

171 2407 288 2472 ibidem
307 2409 453 2473 venditis.
495 2409 541 2472 Et
554 2409 593 2472 de
612 2409 645 2475 lv
653 2425 679 2474 s.
701 2407 837 2490 receptis
857 2407 896 2470 de
916 2413 1049 2488 pastura
1068 2425 1129 2471 cxx
1150 2427 1295 2473 sororum
1315 2417 1399 2474 terre
1420 2412 1548 2478 nrebilis

171 2536 289 2602 inculte
308 2537 369 2602 hoo
390 2555 486 2602 enno.
527 2538 572 2600 Et
592 2537 632 2601 de
652 2537 675 2619 lj
685 2557 712 2601 s.
733 2537 868 2618 receptis
880 2537 920 2601 de
934 2538 1007 2600 clxx
1027 2537 1109 2602 soris
1125 2545 1258 2621 ‘psstnro
1276 2539 1393 2604 ibidem
1412 2542 1550 2608 venditis

171 2668 329 2748 peridem
349 2674 475 2750 tempus
488 2675 521 2732 et
537 2685 606 2731 non
625 2668 697 2750 plus
710 2667 785 2750 quis
803 2665 965 2731 residuum
984 2667 1174 2750 poscebatur
1193 2687 1266 2732 eum
1286 2670 1399 2736 averiis
1419 2672 1548 2738 domini.

211 2799 261 2862 De
279 2805 413 2881 psstnre
431 2805 605 2864 montanee
625 2799 710 2880 opud
730 2798 870 2863 Romu
890 2797 989 2860 nichil
1008 2817 1066 2880 pro
1086 2798 1213 2866 deiectu
1242 2807 1422 2884 emptorum
1451 2823 1549 2869 conss

173 2949 291 3012 guerre.
333 2930 378 2992 Et
398 2929 438 2994 de
457 2930 526 3010 ris.
548 2928 602 3010 viij
612 2929 643 2993 d.
664 2929 800 3010 receptis
819 2929 859 2991 de
878 2928 1015 2993 exitrius
1035 2933 1154 2994 foreste
1172 2931 1212 2994 de
1226 2931 1473 3008 Gsnrmxnon
1492 2953 1549 3018 per

172 3058 255 3126 idem
275 3067 410 3142 tempus.
450 3061 496 3124 Et
516 3080 582 3124 non
600 3060 674 3142 plus
693 3079 751 3142 pro
770 3079 868 3126 oense
886 3059 1039 3142 predicte.
1082 3061 1179 3126 Sum:
1201 3061 1329 3145 cxviijs.
1351 3064 1417 3145 ijd.

211 3191 328 3255 Exitus
347 3191 611 3255 molendinorum.
652 3191 745 3255 Idem
771 3190 942 3272 respondet
962 3190 1003 3254 ds
1022 3190 1065 3273 vij
1075 3191 1107 3253 li.
1129 3190 1197 3273 vis.
1219 3191 1273 3272 viij
1283 3190 1314 3256 d.
1346 3193 1482 3276 receptis
1509 3196 1549 3260 de

173 3320 308 3385 exitibus
327 3321 361 3402 iij
382 3321 634 3386 molendinorum
653 3322 872 3404 aquaticorum
891 3328 924 3386 et
944 3323 956 3404 j
977 3322 1148 3392 molendini
1168 3323 1328 3396 ventritici
1346 3323 1464 3391 ssridem
1493 3345 1551 3412 per

174 3451 256 3514 irem
276 3417 437 3533 empus.''
455 3453 550 3516 sum:
571 3452 657 3535 vijti.
678 3453 747 3535 γῆς.
768 3452 821 3534 viij
833 3453 865 3516 d.

213 3584 365 3650 vendicio
384 3583 481 3649 bledi.
521 3585 615 3648 Idem
634 3583 804 3668 respondet
825 3583 864 3646 de
885 3583 929 3664 iiij
939 3582 973 3647 li.
995 3601 1053 3647 xe.
1074 3583 1210 3666 receptis
1223 3583 1263 3650 de
1277 3584 1361 3667 xxvij
1383 3589 1551 3669 quarteriis

172 3735 269 3780 evene
298 3715 415 3780 ibidem
444 3715 582 3822 venditis
611 3715 708 3798 precii
737 3714 887 3799 opertorii
918 3714 991 3778 xld.
1020 3714 1097 3797 quie
1125 3714 1238 3780 debilis
1266 3735 1325 3799 pro
1351 3725 1550 3798 gernestnre.

211 3978 319 4059 Opem
337 3977 477 4043 vendite.
518 3975 610 4041 Idem
629 3977 799 4059 respondet
819 3975 858 4040 de
877 3976 912 4059 iij
923 3992 950 4041 s.
971 3976 1026 4058 id.
1047 3975 1185 4058 receptis
1202 3975 1242 4040 de
1262 3975 1394 4042 servicio
1413 3989 1549 4074 quorun·

172 4108 247 4172 dnm
266 4107 436 4172 liberorum
455 4107 637 4172 tenentium
655 4106 711 4189 qni
729 4106 847 4171 debent
865 4125 1011 4190 reperere
1030 4105 1062 4187 vj
1083 4105 1167 4169 ierrs
1185 4125 1371 4172 carucarum
1390 4109 1551 4192 peridem

174 4247 300 4322 tempus
319 4238 446 4304 dridem.
488 4239 534 4302 Et
554 4238 594 4302 de
614 4239 716 4302 lxixs.
743 4238 817 4322 vjd.
839 4237 890 4304 ob.
919 4236 1055 4318 receptis
1074 4235 1114 4299 de
1137 4232 1279 4302 rdnclxix
1297 4237 1431 4302 minutis
1451 4239 1551 4322 operi·
1577 4327 1580 4334 Ι

171 4373 232 4437 bns
259 4370 518 4456 prevaricantur
547 4369 587 4434 de
615 4369 818 4434 custumnriis
837 4368 877 4432 de
897 4367 1094 4431 omnmo
1113 4384 1171 4449 per
1189 4366 1286 4466 idem·
1301 4373 1428 4464 tempus
1448 4367 1554 4470 ¹precii

171 4503 280 4587 operis
300 4503 351 4568 ob.
394 4503 439 4567 Et
459 4503 499 4567 de
519 4501 589 4584 vis.
610 4500 708 4583 viijd.
737 4471 873 4581 receptis
891 4498 932 4562 de
953 4489 999 4560 xx⁴
1014 4461 1162 4604 ope-rrius
1183 4462 1235 4600 ed
1252 4496 1555 4598 fflffliqnem„,Pf.⁰¹'

174 4643 280 4702 emm
299 4611 557 4720 proveniente
570 4633 610 4699 se
623 4607 825 4699 immam
844 4596 961 4738 estred
972 4595 1079 4738 prees
1096 4627 1200 4711 opere
1213 4627 1258 4710 iiij
1269 4628 1301 4693 s.
1342 4628 1388 4694 se
1400 4629 1441 4694 so
1453 4629 1509 4712 xre·
1520 4599 1551 4692 n.
