3956 5488
401 684 461 752 294

360 989 400 1054 de
419 989 558 1054 Barnun
577 989 684 1056 venire
703 1005 768 1056 non
788 1005 917 1074 possum
930 990 972 1057 ad
983 989 1165 1076 ponendum
1184 989 1304 1058 dietum
1324 989 1507 1057 Romrurr
1526 989 1560 1056 iu
1580 988 1728 1068 suisium

339 1111 399 1185 'de
420 1121 507 1184 diota
525 1121 649 1203 virgata
667 1128 750 1186 terre
769 1121 858 1188 vobis
878 1121 1019 1205 supplico
1044 1123 1128 1206 quod
1155 1123 1282 1207 penatis
1311 1124 1432 1188 dietum
1460 1125 1645 1192 Roerrrurr
1673 1143 1729 1206 per

357 1271 409 1314 me
429 1252 464 1314 in
485 1251 635 1316 saisinam
654 1251 829 1332 plenariam
842 1251 882 1317 ds
894 1251 1037 1333 predicta
1055 1252 1178 1334 virgata
1196 1260 1279 1318 terre
1299 1273 1373 1318 eum
1392 1253 1590 1336 pertiuentiis
1610 1255 1675 1318 suis
1693 1253 1728 1318 in

358 1383 497 1446 Bauuru
518 1382 600 1446 sieut
619 1383 655 1445 iu
675 1387 764 1446 carta
784 1401 880 1465 quam
898 1381 1058 1463 prediatus
1086 1383 1261 1448 Romane
1280 1383 1320 1448 de
1340 1403 1392 1448 ms
1412 1383 1509 1450 habet
1528 1383 1569 1448 de
1586 1383 1727 1466 predieta

355 1512 480 1594 virgata
499 1518 581 1576 terre
601 1511 714 1576 melius
743 1519 776 1576 et
803 1511 928 1593 plenius
956 1519 1127 1577 auersetur.
1169 1515 1210 1576 Iu
1230 1513 1321 1596 euius
1348 1513 1394 1578 rei
1422 1513 1638 1580 testimonium
1665 1513 1724 1578 bae

352 1641 464 1707 literas
475 1616 567 1706 ¹meas
578 1640 669 1707 vobis
681 1640 774 1706 mitto
787 1647 935 1723 patentes
947 1647 984 1706 ut
997 1641 1069 1707 illes
1082 1641 1228 1708 habeatis
1242 1643 1276 1708 in
1289 1651 1467 1710 warantum
1486 1644 1577 1710 bene.
1605 1645 1724 1710 Valete.

959 2023 1132 2089 ccum.

352 2153 492 2218 cultus
505 2154 526 2218 J
528 2151 649 2218 OHAN
651 2152 725 2218 NIS
738 2152 827 2218 m:
842 2152 1035 2220 BOBERTI
1048 2155 1108 2218 DE
1122 2155 1298 2220 LANDAF
1312 2155 1476 2222 MILONI
1488 2156 1550 2221 Du
1563 2155 1722 2222 REGNY.

482 2287 485 2298 ⁴
842 2286 947 2371 [Annz
970 2285 1097 2351 Omr:
1119 2288 1170 2350 24.
1191 2287 1280 2366 tou]
1481 2287 1560 2351 Sum
1580 2288 1682 2352 Duru.

391 2418 500 2482 Sciant
520 2422 684 2499 presentes
703 2415 855 2501 etjtuturi
875 2417 961 2498 quod
981 2437 1039 2498 ego
1059 2418 1231 2482 donarunt
1259 2418 1344 2483 filim
1364 2419 1511 2483 Bonnam
1530 2419 1571 2483 de
1591 2419 1723 2482 Lusum

347 2549 421 2627 dedi
440 2547 583 2612 concessi
603 2547 727 2612 remissi
746 2553 779 2610 et
799 2547 942 2628 quietum
962 2547 1096 2613 clamavi
1116 2567 1154 2612 ae
1173 2549 1313 2629 praenati
1333 2555 1424 2613 carta
1441 2569 1514 2614 mea
1540 2550 1722 2616 confirmavi

348 2681 475 2747 Mmour
495 2680 535 2744 de
555 2679 673 2744 marr
692 2677 834 2743 redditus
854 2697 910 2742 sex
930 2677 1077 2742 denarius
1097 2697 1176 2761 quos
1195 2679 1275 2742 rnihi
1295 2677 1462 2746 annuatim
1490 2679 1621 2743 reddere
1641 2679 1718 2744 eele-

347 2785 404 2878 ω
423 2831 481 2893 pro
501 2811 603 2874 ratus
623 2809 706 2874 aens
725 2815 808 2872 rem
837 2827 910 2872 sum
939 2807 1138 2890 pearsonum
1168 2826 1248 2891 quoe
1267 2807 1379 2873 natur
1399 2808 1439 2872 re
1457 2809 1610 2874 ronam
1630 2809 1670 2872 re
1690 2810 1721 2873 a

346 2942 440 3004 Iram
469 2939 629 3023 quondam
657 2937 774 3004 ballivo
793 2936 833 3002 de
853 2937 886 3000 la
906 2937 1083 3000 mmm
1111 2936 1151 3000 de
1181 2937 1274 3001 iaodo
1300 2957 1372 3002 meo
1393 2938 1452 3002 sub
1484 2939 1668 3004 Karnrouu
1686 2939 1721 3004 in

346 3075 550 3138 Sunuaorua.
592 3071 701 3134 Etiam
720 3068 862 3133 eonaessi
882 3067 985 3133 eidem
1007 3073 1040 3132 et
1063 3068 1206 3151 quietum
1225 3068 1359 3132 clamavi
1379 3069 1537 3134 redditum
1551 3089 1651 3134 unum
1664 3071 1715 3136 ds·

345 3203 471 3267 narium
484 3202 569 3284 quod
581 3201 741 3284 percipere
762 3200 902 3264 solebam
922 3200 1087 3264 aunuatim
1101 3201 1141 3264 de
1153 3200 1175 3263 J
1175 3217 1305 3264 ouum
1318 3201 1384 3265 filio
1397 3201 1418 3264 J
1419 3219 1558 3266 omme
1578 3203 1719 3267 Germ

342 3335 382 3399 de
404 3335 555 3396 Kuuaunr
584 3351 642 3414 pro
670 3331 741 3394 aliis
770 3330 872 3394 tubus
900 3329 984 3394 aeris
1012 3329 1046 3394 in
1074 3329 1186 3393 eadem
1215 3329 1407 3393 Surenam
1441 3330 1501 3394 sub
1534 3331 1718 3396 &nauus

344 3437 538 3530 Habeudum
558 3467 591 3526 et
611 3462 785 3525 tenendum
805 3459 965 3542 predictus
985 3459 1127 3524 redditus
1146 3460 1186 3523 de
1206 3479 1257 3524 me
1277 3466 1311 3524 et
1330 3459 1498 3524 herodibus
1526 3461 1606 3526 meis
1633 3462 1717 3524 dieto

341 3596 469 3660 unum
488 3598 521 3656 er
541 3590 708 3655 rasurus
729 3596 762 3654 er
782 3590 950 3672 aramus
970 3589 1036 3653 sua
1055 3589 1152 3654 rbere
1172 3573 1277 3672 qest
1297 3589 1378 3654 bene
1392 3591 1425 3653 in
1445 3610 1523 3673 pase
1543 3592 1664 3674 integre
1682 3597 1715 3657 et

340 3723 530 3792 hereditarie
550 3723 792 3804 imperpetuum.
833 3719 1005 3784 Reddenda
1024 3719 1098 3784 inde
1118 3720 1284 3784 aunuatim
1303 3720 1382 3784 mibi
1394 3727 1427 3784 et
1440 3721 1607 3786 heredibus
1628 3722 1717 3786 Mna

340 3865 373 3922 et
393 3855 526 3921 heredes
545 3852 596 3919 vel
617 3850 771 3933 assignati
791 3849 840 3914 sui
859 3869 959 3914 unum
978 3835 1106 3914 obolum
1126 3851 1248 3932 ergenii
1268 3850 1309 3914 ad
1329 3851 1445 3914 testum
1466 3850 1576 3914 Sancti
1590 3852 1714 3916 Munna·

339 4007 414 4052 nnus
443 4005 501 4067 pro
531 3982 678 4049 omuibus
698 3981 839 4044 tarvisiis
858 3977 1139 4042 eonsuetudimbne
1158 3979 1254 4044 saetis
1274 3981 1432 4044 curiarum
1459 3981 1575 4045 wardia
1593 3983 1716 4048 releviis

337 4138 375 4183 ae
403 4115 560 4182 esebaetie
589 4121 623 4178 et
652 4112 798 4178 omnibus
823 4110 894 4174 aliis
924 4109 1160 4193 qurbusouuque
1191 4111 1385 4176 secularibus
1414 4111 1579 4176 demendis
1599 4112 1640 4176 ad
1659 4133 1710 4176 me

337 4248 390 4314 vel
402 4245 534 4310 heredes
554 4261 641 4308 meos
661 4240 893 4324 pertinentibus
913 4239 1154 4322 imperpetuum.
1195 4239 1240 4303 Et
1253 4259 1312 4322 ago
1324 4259 1399 4306 vero
1410 4241 1571 4323 prediatus
1590 4243 1711 4308 Jonas·

194 4437 197 4450 ,
338 4396 401 4442 uns
421 4377 505 4439 filius
526 4375 675 4440 Rosunrr
687 4381 721 4437 et
734 4373 867 4436 heredes
886 4371 949 4436 mei
961 4390 1072 4436 omnes
1091 4369 1250 4452 prediatus
1270 4372 1411 4438 redditus
1430 4393 1503 4437 eum
1523 4377 1713 4440 tenementis

338 4525 436 4589 supra
448 4505 533 4568 dioto
547 4505 673 4568 Mmour
687 4511 720 4568 et
732 4502 901 4567 heredibus
915 4508 947 4566 et
961 4501 1131 4582 assignatis
1144 4500 1210 4565 suis
1229 4505 1343 4566 matrs
1361 4521 1472 4567 omnes
1490 4505 1643 4570 monetes
1654 4506 1711 4569 iru-

244 4607 250 4628 ἱ
335 4645 525 4725 perpetuum
544 4634 824 4700 warantizabimus
845 4631 1093 4718 acquietabimus
1105 4639 1138 4698 et
1158 4631 1362 4699 defendemus
1381 4653 1438 4718 per
1458 4633 1624 4699 servitium
1643 4654 1710 4719 pre·
