3986 5502
1563 781 1603 842 89

277 1077 306 1139 ei
318 1077 457 1140 iaciebat
479 1076 597 1142 scilicet
618 1077 700 1160 qnod
720 1077 824 1142 dictus
844 1079 1009 1143 Rroaanus
1032 1081 1167 1144 Srwsan
1188 1080 1242 1162 qui
1260 1081 1320 1144 fnit
1334 1082 1373 1146 de
1386 1083 1507 1147 familia
1519 1083 1642 1148 comitis

280 1215 311 1268 et
331 1207 369 1269 de
391 1207 525 1270 oonsilio
545 1215 656 1272 contra
675 1209 770 1272 fidem
790 1211 914 1272 comitis
934 1219 966 1274 et
987 1212 1168 1292 homagium
1189 1213 1272 1293 quod
1292 1214 1321 1276 ei
1341 1213 1458 1278 fecerat
1479 1221 1511 1278 et
1533 1211 1643 1278 contra

279 1355 389 1416 pacem
410 1356 503 1400 snam
524 1338 604 1400 sicut
625 1339 747 1434 felonus
760 1339 885 1420 infregit
906 1347 1032 1421 treugae
1045 1361 1105 1422 que
1126 1349 1219 1423 eapte
1233 1342 1359 1406 fuerunt
1378 1344 1461 1408 inter
1480 1344 1642 1407 dominnm

280 1467 428 1529 comitem
443 1475 475 1530 et
496 1468 708 1532 Hownnmnn
721 1469 820 1532 filium
835 1470 1035 1534 Mannouom
1049 1490 1109 1552 que
1123 1470 1260 1562 quedam
1278 1479 1385 1554 treuge
1405 1481 1498 1556 eapte
1517 1475 1643 1538 fuerunt
1734 1483 1735 1490 ’

280 1615 336 1676 pro
356 1598 470 1660 comite
491 1603 523 1660 et
543 1617 600 1680 pro
620 1599 764 1663 omnibus
785 1599 964 1662 hominibus
985 1601 1050 1664 suis
1070 1600 1109 1664 de
1130 1601 1357 1665 ammonam
1387 1603 1532 1668 videlicet
1553 1625 1573 1668 a
1592 1604 1643 1667 die

280 1727 447 1790 Dominioa
465 1729 608 1808 proxima
628 1734 701 1810 post
714 1729 830 1792 festum
852 1730 899 1792 Sti
920 1731 1067 1793 Maanmr
1087 1730 1235 1794 durature
1256 1751 1354 1813 usque
1375 1733 1415 1796 ad
1435 1735 1643 1796 mmmmm

278 1859 418 1940 proxime
440 1867 622 1941 sequentem
641 1860 783 1941 ejusdem
814 1843 899 1924 anni.
942 1862 1026 1924 Nam
1056 1861 1140 1924 idem
1169 1863 1336 1926 moranus
1367 1863 1502 1926 Srwmn
1533 1869 1644 1928 contra

278 1989 374 2051 fidem
393 1990 471 2052 dicti
491 1990 614 2053 comitia
635 1998 667 2053 et
688 1998 798 2054 eontra
818 2010 929 2072 paoem
964 2011 1054 2054 suam
1075 1997 1107 2054 et
1128 1997 1238 2055 contra
1268 1993 1402 2054 formem
1431 1993 1643 2073 predictarum

280 2125 462 2199 treugarum
482 2121 522 2182 ad
542 2121 821 2218 exheredacionem
840 2122 965 2184 comitis
979 2129 1011 2184 et
1025 2121 1066 2184 ad
1079 2141 1223 2202 guerram
1236 2123 1407 2185 tenendam
1427 2141 1520 2204 snper
1540 2123 1643 2204 ipsum

279 2249 429 2310 comitem
442 2257 475 2312 et
488 2250 631 2314 homines
644 2271 718 2314 suos
726 2258 758 2314 et
769 2259 886 2316 terram
900 2271 1000 2314 auam.
1022 2252 1112 2334 Cepit
1131 2259 1241 2333 gentes
1254 2259 1286 2315 et
1299 2253 1515 2335 imprisonavit
1526 2254 1644 2318 seilicet

276 2379 467 2442 Gnmrmun
488 2381 639 2442 Lanrmna
679 2381 829 2446 Waanon
850 2383 891 2446 ab
913 2359 1113 2447 Kmooaia'
1135 2384 1253 2448 Manu
1267 2384 1308 2448 ab
1326 2385 1507 2449 Kanousen
1548 2386 1643 2450 Gam-

278 2527 384 2572 rmon
405 2477 549 2574 Marruca
588 2514 749 2600 Vineam
770 2515 927 2576 Yoauaan
949 2514 988 2576 ab
1003 2511 1180 2577 Aomanna
1195 2520 1227 2577 et
1242 2515 1321 2578 alios
1341 2515 1460 2610 scilieet
1480 2514 1530 2578 die
1552 2515 1642 2578 Man-

278 2659 331 2702 ms
350 2642 492 2720 proximo
521 2649 593 2722 post
622 2641 705 2705 diem
736 2643 921 2706 Natiuitatis
952 2643 1033 2705 inira
1062 2643 1237 2724 predictam
1266 2651 1409 2727 treugam
1429 2665 1491 2728 qua
1512 2647 1639 2710 accione

279 2771 385 2834 dictus
405 2773 532 2836 Hownn
553 2775 636 2855 cepit
656 2776 800 2838 Taenara
815 2775 859 2844 ,de
880 2775 1042 2838 Hennaon
1062 2775 1144 2837 iufra
1164 2775 1297 2838 eandem
1326 2781 1470 2857 treugam
1490 2782 1522 2839 et
1542 2776 1645 2857 ipsum

279 2902 411 2965 redemit
432 2904 661 2984 perducentes
680 2925 805 2968 marces
825 2906 908 2968 unde
929 2907 1148 2969 Wmnmnnus
1168 2907 1208 2968 de
1228 2880 1398 2969 Waunorm
1419 2905 1592 2970 vicecomes
1612 2912 1645 2970 et

281 3031 336 3094 alii
356 3031 463 3096 ballivi
483 3034 653 3096 comitatus
672 3034 902 3097 mandaverunt
922 3032 1008 3102 dicto
1036 3034 1183 3096 Hownno
1213 3033 1302 3114 quod.
1326 3032 1444 3096 faceret
1463 3032 1542 3097 illud
1561 3051 1644 3096 com·

280 3163 429 3226 mandare
451 3171 483 3226 et
504 3162 607 3244 dictus
627 3163 754 3226 Hownn
785 3162 945 3242 respondit
966 3161 1049 3243 qnod
1076 3161 1210 3224 libenter
1229 3161 1307 3224 illud
1337 3159 1517 3224 emendaret
1539 3161 1566 3223 si
1585 3161 1646 3243 ipsi

279 3293 430 3357 delictum
450 3295 479 3356 ei
498 3294 618 3356 tactum
637 3293 720 3356 inira
739 3293 872 3356 eandem
892 3299 1035 3373 treugam
1056 3292 1174 3354 scilicet
1194 3291 1234 3354 de
1254 3291 1433 3356 hominibus
1452 3292 1518 3354 auis
1538 3292 1640 3374 captis

277 3443 335 3504 per
347 3423 467 3486 dietum
486 3424 661 3487 memnon
682 3425 818 3488 smine
831 3429 867 3486 ut
880 3422 1056 3504 predictum
1076 3407 1125 3484 est
1139 3421 1368 3485 emendassent.
1408 3421 1498 3500 Quod
1518 3423 1643 3504 quidem

282 3555 360 3618 dicti
380 3553 487 3616 ballivi
508 3554 631 3617 comitis
652 3554 818 3619 emendare
838 3561 1059 3618 concesserunt
1079 3562 1112 3617 at
1132 3554 1252 3617 dictum
1281 3554 1525 3636 parliamentum
1554 3573 1646 3636 snper

281 3687 342 3748 hoc
363 3693 512 3768 oeperunt
533 3685 574 3749 ad
594 3685 744 3748 delictum
764 3705 803 3748 ex
823 3691 956 3766 utraque
975 3690 1065 3764 parte
1079 3684 1199 3748 iactum
1219 3684 1448 3748 emendendnm
1466 3703 1524 3766 per
1543 3683 1643 3747 consi·

284 3816 482 3878 deracionem
503 3834 549 3878 xn
569 3815 736 3898 proborum
756 3820 789 3878 et
809 3815 957 3896 legalium
976 3815 1114 3878 vnomm
1127 3815 1248 3878 scilicet
1268 3814 1387 3878 domini
1407 3814 1554 3878 Bonnam
1569 3813 1642 3875 We*

283 3963 413 4008 naman
454 3944 572 4007 domini
585 3943 747 4007 domums
760 3943 799 4006 de
813 3943 921 4006 Rnorr
961 3943 1079 4004 Tucim
1093 3941 1132 4004 de
1146 3942 1307 4004 Naaanan
1347 3942 1493 4004 Bonnam
1507 3941 1546 4002 de
1560 3939 1641 4004 cia-

282 4095 380 4138 nrnus
419 4075 504 4139 Joan
523 4074 580 4137 filii
599 4075 790 4137 Wmnmnm
830 4073 948 4135 Taonm
969 4070 1008 4134 de
1029 4071 1129 4134 Mnnn
1157 4091 1196 4134 ex
1226 4076 1317 4150 perte
1337 4069 1471 4143 comitis,
1492 4069 1644 4132 amana-

280 4225 397 4270 nwaan
417 4207 458 4270 ab
478 4207 582 4269 Wron
622 4205 750 4268 Howau
770 4205 905 4268 vicem
945 4203 1092 4266 Joavaan
1113 4201 1153 4264 ab
1174 4201 1282 4262 Esses
1322 4200 1403 4261 aaa
1425 4197 1513 4262 Gonu
1557 4199 1644 4261 Wm-

284 4354 399 4398 amum
420 4335 555 4399 Onomar
595 4333 676 4398 Raar
697 4333 738 4396 ab
759 4333 893 4395 Amana
934 4349 973 4395 ex
993 4337 1084 4412 parte
1104 4331 1233 4394 Howaa
1252 4335 1285 4392 et
1305 4327 1450 4391 dominns
1481 4329 1644 4392 Wnamn·

282 4487 348 4530 nus
368 4465 407 4528 de
428 4467 597 4528 Waunoan
617 4465 792 4528 vicecomes
811 4469 843 4526 et
863 4463 1009 4526 dominus
1029 4462 1196 4525 &omnus
1218 4460 1355 4523 Snwean
1385 4464 1417 4521 et
1439 4458 1492 4522 alii
1512 4479 1569 4540 pro
1590 4477 1639 4522 co-

285 4599 362 4660 mite
383 4596 589 4660 affidaverunt
620 4593 661 4658 ad
691 4594 840 4658 standum
871 4593 911 4656 ad
942 4591 1228 4655 consideracionem
1258 4588 1412 4653 dictorum
1432 4603 1480 4650 xn
1499 4587 1644 4652 viromm.

285 4729 328 4792 Et
349 4727 453 4794 dietus
474 4725 602 4792 Howan
621 4693 678 4807 ¹pro
692 4743 733 4792 se
753 4731 786 4790 et
806 4721 1008 4806 complicibus
1030 4721 1094 4786 suis
1119 4720 1203 4785 idam
1234 4719 1372 4786 affidavit
1400 4717 1483 4783 unde
1503 4717 1544 4782 ad
1564 4715 1646 4778 diem
