3956 5488
1456 725 1516 790 289

185 1019 437 1090 oonfirmnnimus
457 1023 592 1091 Βοαιιο
611 1023 652 1090 de
671 985 882 1093 Banmoms
901 1025 968 1094 filio
987 1027 1106 1094 demini
1133 1015 1324 1096 Wmumnm
1344 1029 1383 1094 de
1402 1029 1555 1096 Brennu-

184 1171 255 1219 oms
273 1154 385 1220 militis
398 1161 431 1220 et
445 1155 617 1221 mmm
637 1158 728 1244 uxori
740 1161 812 1243 ejus
831 1165 937 1224 totum
956 1161 1133 1236 manerium
1152 1167 1296 1226 nostmm
1316 1161 1355 1227 de
1376 1161 1554 1227 Mssrsrsrr

184 1305 276 1351 mus
304 1305 378 1352 oum
405 1288 472 1354 suis
500 1289 703 1371 pertinenciis
722 1294 755 1354 ei
775 1261 809 1352 n
829 1290 923 1354 sens
952 1291 1053 1373 pretii
1073 1291 1211 1374 pasturis
1230 1291 1334 1356 meon
1352 1291 1414 1356 viis
1434 1292 1556 1357 omisis

184 1417 374 1483 molendinis
394 1419 485 1501 aquis
514 1421 657 1502 piscariis
681 1421 864 1485 tenentibus
884 1428 917 1485 et
937 1441 1046 1486 eorum
1075 1421 1249 1486 redditibus
1269 1429 1302 1487 et
1322 1421 1462 1487 mnvioiis
1491 1442 1558 1486 una

184 1565 257 1612 oum
277 1550 424 1615 omuibus
437 1551 508 1614 aliis
520 1549 719 1616 libertatibus
740 1552 935 1618 aisiamentis
948 1559 981 1616 et
999 1553 1174 1617 commodis
1188 1552 1229 1618 ad
1241 1551 1363 1618 dietum
1381 1554 1559 1618 manerium

182 1680 403 1763 aliquomodo
422 1682 649 1764 spectantibus.
690 1682 884 1747 Habendum
904 1689 937 1747 et
956 1683 1130 1748 tenendum
1149 1682 1270 1748 dietum
1288 1684 1465 1748 manerium
1484 1703 1558 1750 oum

178 1811 244 1874 suis
263 1813 467 1893 pertinenciis
487 1819 520 1876 et
539 1814 574 1876 in
594 1813 687 1877 terris
706 1813 808 1895 pratis
835 1813 974 1896 pasturis
993 1813 1097 1878 bosuis
1124 1813 1185 1876 viis
1214 1813 1336 1878 semitis
1362 1813 1554 1880 molendinis
1659 1842 1662 1850 ·

182 1941 274 2026 equis
293 1942 444 2024 pisoards
455 1942 638 2007 tenentibus
657 1949 690 2008 et
710 1961 819 2007 eornm
837 1941 1012 2007 redditibus
1031 1911 1065 2006 et
1078 1943 1217 2009 eerrioiis
1235 1963 1302 2008 una
1320 1963 1393 2010 oum
1413 1945 1560 2012 omnious

181 2073 252 2137 eliis
271 2073 471 2138 libertatibus
491 2075 686 2140 aisiamentis
706 2081 740 2141 et
759 2075 933 2140 oommodis
946 2075 987 2140 ud
1001 2074 1122 2140 dietum
1141 2075 1318 2140 mensuum
1337 2077 1443 2161 aliquo
1462 2077 1558 2144 modo

183 2204 401 2285 spectantibus
419 2205 569 2287 prediotis
589 2207 723 2270 Reum
743 2211 777 2270 et
797 2205 970 2268 Ksnnnnm
990 2206 1081 2270 uxori
1101 2209 1172 2290 ejus
1192 2213 1225 2272 et
1245 2207 1413 2273 heredibus
1433 2210 1473 2273 de
1493 2225 1561 2275 eor·

180 2335 309 2416 poribus
338 2336 405 2400 suis
429 2337 602 2418 procreetis
630 2337 670 2401 de
698 2337 887 2420 oepitahbns
906 2337 1042 2402 dominis
1061 2339 1321 2404 Gneuonusriom
1345 2359 1403 2422 per
1428 2342 1560 2408 seruus

180 2463 255 2569 bide
275 2465 385 2530 debita
397 2473 430 2530 et
444 2473 597 2531 eonsuete
616 2467 714 2532 libere
733 2467 839 2549 quiete
858 2467 939 2531 bene
959 2467 1080 2550 integre
1094 2476 1127 2532 et
1140 2469 1174 2532 in
1187 2489 1265 2552 pene
1277 2471 1348 2552 jure
1367 2471 1557 2540 hereditario

175 2574 421 2679 imperpetuum.
456 2599 518 2662 Pro
532 2598 594 2662 heo
608 2605 716 2662 eutem
728 2605 840 2662 nostra
852 2596 1026 2662 donacione
1040 2601 1244 2665 eoncessione
1257 2608 1289 2664 et
1301 2603 1458 2683 presentis
1472 2609 1561 2670 narie

179 2735 288 2792 nostre
307 2728 547 2792 eonfirmetione
577 2725 732 2791 dederunt
745 2727 836 2791 nobie
849 2726 981 2809 predieti
995 2727 1152 2792 Boonum
1165 2733 1198 2792 et
1213 2729 1384 2795 Knnuume
1396 2750 1475 2797 uxor
1488 2735 1560 2816 ejus

180 2867 311 2924 eentum
329 2879 454 2924 mareas
474 2858 696 2942 sterlingorum
715 2877 771 2940 pre
790 2857 946 2922 menibus.
987 2858 1032 2921 Et
1052 2876 1112 2921 uos
1131 2877 1206 2922 vero
1226 2860 1303 2924 dicti
1323 2861 1431 2926 Dnvm
1456 2869 1561 2929 raotor

180 2991 312 3056 eoolesie
330 2990 371 3055 de
392 2990 513 3056 Coruin
531 2997 566 3054 et
585 2991 756 3054 Jonsssus
777 2988 858 3052 durs
877 2987 1062 3070 capellanus
1082 2995 1116 3052 et
1135 2987 1267 3054 heredes
1286 2991 1389 3056 nostri
1407 2997 1441 3056 et
1462 2993 1560 3076 ussig-

178 3125 248 3189 nati
268 3123 446 3206 predictum
464 3122 641 3187 menesium
661 3140 734 3184 oum
755 3121 821 3185 suis
840 3120 1043 3203 pertinenoiis
1062 3127 1096 3184 et
1115 3121 1149 3184 in
1170 3122 1264 3186 terrie
1287 3123 1392 3204 pratis
1416 3126 1561 3207 pasturis

177 3255 284 3320 meeis
303 3255 363 3319 viis
383 3254 505 3320 semitis
524 3253 713 3317 molendinis
733 3253 824 3336 aquis
843 3251 988 3334 pieoariis
1007 3251 1190 3316 tenentibus
1210 3260 1366 3340 eteorum
1385 3254 1561 3324 redditibus

176 3395 210 3454 et
229 3385 371 3452 servioiis
390 3403 456 3450 unu
476 3403 549 3448 eum
568 3383 716 3449 omnibns
735 3382 806 3446 aliis
826 3381 1026 3446 libertatibus
1054 3381 1250 3447 aisiamentis
1270 3390 1303 3448 et
1323 3387 1497 3452 commodis
1517 3389 1559 3454 ed

176 3519 299 3583 dietum
317 3517 494 3582 numerium
514 3513 734 3598 aliquomodo
754 3511 971 3595 spectantibus
995 3511 1146 3594 predictis
1176 3513 1312 3580 Rooueo
1332 3521 1365 3580 et
1386 3515 1561 3585 mmm

176 3651 268 3716 uxori
287 3653 359 3734 ejus
378 3652 411 3714 et
431 3646 600 3712 heredibus
612 3646 653 3709 de
666 3645 849 3728 corporibus
868 3644 934 3708 suis
953 3645 1127 3726 procreetis
1146 3651 1258 3712 oontre
1277 3665 1388 3712 omnes
1407 3649 1560 3715 momulus

176 3779 457 3846 warantizabimus
486 3783 519 3840 et
539 3775 745 3841 defendemus
772 3774 1014 3856 imperpetuum.
1055 3775 1101 3838 llt
1130 3778 1168 3838 ut
1193 3773 1253 3839 heo
1283 3783 1394 3840 nostra
1421 3777 1558 3842 dounoio

172 3911 337 3976 oonoessio
369 3917 403 3974 et
436 3907 594 3991 presentis
626 3912 715 3971 oarte
748 3913 857 3970 nostre
887 3904 1090 3970 oonlirmaoio
1124 3912 1197 3970 retu
1224 3913 1258 3970 et
1289 3905 1414 3972 stabilis
1441 3908 1555 3987 imper-

174 4050 307 4126 petuum
326 4046 535 4123 permaneant
554 4001 638 4102 hono
658 4044 838 4120 presentem
858 4043 981 4100 cartam
1009 4036 1182 4119 sigillorum
1214 4041 1395 4100 nostrorum
1427 4037 1559 4118 impres-

174 4173 316 4239 siombns
336 4171 551 4236 roboravimus
579 4177 613 4234 et
646 4169 909 4234 eonfirmavimue.
960 4167 1039 4232 ‘Hiis
1071 4167 1208 4233 testibus
1240 4167 1370 4232 domino
1402 4167 1559 4236 Hsnnroo

174 4277 478 4371 niumm
504 4296 846 4398 iomosmmio
859 4301 1021 4364 sume
1039 4298 1193 4364 muium
1222 4298 1375 4366 romei
1389 4297 1429 4364 de
1443 4301 1559 4366 sm

177 4433 345 4518 Psmmso
360 4431 401 4496 de
432 4432 574 4504 Neurus
612 4425 731 4494 Trionis
759 4430 844 4495 Josn
863 4435 897 4493 et
917 4428 998 4494 aliis.
1040 4427 1162 4492 Datum
1190 4423 1560 4510 spatiamentum

175 4566 325 4632 rieesimo
353 4571 468 4630 oetaeo
488 4561 539 4626 die
567 4560 660 4626 Junn
683 4581 774 4646 'auno
804 4560 924 4625 domini
953 4559 1122 4626 millesimo
1151 4549 1369 4630 tricentesimo
1397 4561 1558 4628 tricesimo

178 4697 298 4781 quiem
693 4765 694 4770 .
714 4691 849 4774 [sigillis
869 4691 1025 4773 emissis]

449 4825 575 4909 [Dorso.
641 4823 901 4900 Missumusuu,
923 4835 1015 4890 name
1034 4821 1170 4902 tulliam.
1187 4824 1289 4906 1331]
