3932 5498
1471 645 1533 724 ‚225

212 947 409 1014 bessorum
427 950 510 1012 terre
529 945 673 1014 orrebilis
692 945 776 1030 spud
805 945 1039 1013 mmmmm
1068 965 1130 1034 que
1158 967 1223 1014 non
1253 949 1490 1016 seminabantur
1518 951 1580 1016 hoo

214 1097 309 1142 nuno.
343 1079 393 1142 De
405 1084 536 1161 pestere
548 1078 619 1142 oxlv
632 1097 776 1143 sororum
788 1083 871 1142 tenu
883 1076 1026 1142 mobilis
1039 1078 1123 1160 spnd
1136 1077 1369 1142 missurum
1382 1087 1415 1143 et
1428 1080 1581 1146 imvm

214 1211 293 1274 nihil
312 1210 481 1292 respondet
499 1227 557 1290 pro
576 1209 701 1271 deieotu
720 1213 897 1289 emptorum
916 1224 1014 1272 oense
1041 1225 1159 1290 guerre.
1200 1209 1245 1272 nt
1265 1206 1305 1272 ds
1325 1209 1420 1274 xxxix
1448 1209 1528 1276 seris
1547 1218 1581 1276 et

213 1341 343 1406 dimidiu
370 1339 454 1423 proti
483 1338 562 1402 nihil
594 1337 761 1420 respondet
794 1335 869 1420 quio
896 1335 1054 1401 iuloentnr
1082 1355 1139 1419 pro
1169 1336 1242 1401 ieuo
1272 1337 1313 1402 sd
1342 1357 1440 1420 equos
1474 1338 1582 1406 bellivi

213 1470 328 1534 ibidem
348 1475 381 1534 et
400 1487 459 1550 pro
478 1467 590 1532 everiis
620 1466 740 1530 domini
769 1465 863 1547 Regis
890 1465 1007 1528 ibidem
1036 1465 1313 1532 eommornntibus.
1354 1467 1399 1531 Et
1418 1467 1459 1532 de
1478 1469 1541 1552 xvij
1553 1485 1581 1534 s.

213 1601 347 1682 reoeptis
366 1600 406 1664 de
427 1599 523 1680 xxxiii
544 1599 626 1664 soris
645 1598 729 1681 preti
748 1596 892 1661 montani
919 1596 1055 1662 venditis
1074 1597 1108 1661 in
1128 1617 1237 1680 grosso
1264 1597 1350 1680 epod
1377 1599 1530 1663 Tenessis
1549 1607 1583 1665 et

212 1732 283 1796 ideo
302 1731 408 1796 mium
427 1749 525 1794 ouuss
544 1749 652 1811 guerre
671 1748 728 1810 pro
758 1727 883 1792 detesto
910 1727 1070 1810 emptoris.
1111 1726 1156 1791 Et
1176 1727 1216 1791 de
1236 1749 1256 1790 x
1267 1746 1293 1792 s.
1315 1727 1354 1792 ds
1374 1728 1469 1810 xxviij
1501 1729 1584 1796 serlo

211 1869 341 1944 pusture
360 1859 497 1927 venditis
516 1859 679 1922 ibidemin
692 1876 810 1940 grosso.
851 1861 895 1922 Et
908 1857 1017 1923 deus.
1038 1857 1172 1939 reseptis
1185 1856 1224 1920 de
1238 1858 1332 1939 xxxvj
1354 1860 1436 1922 neris
1453 1868 1586 1942 psstms

212 1992 349 2057 venditis
369 1989 454 2072 opud
473 1990 708 2053 Lemnum
737 1987 904 2070 peridem
933 1993 1060 2068 tempus
1078 1993 1112 2050 et
1131 2007 1196 2050 non
1225 1987 1297 2069 plus
1325 1989 1399 2070 quis
1425 1991 1586 2058 residuum

211 2122 401 2204 poscebatur
420 2139 493 2184 oum
513 2119 625 2183 sveriis
645 2117 762 2182 ibidem
782 2116 1061 2180 commonentibus.
1102 2117 1148 2179 Et
1167 2115 1207 2179 de
1227 2115 1350 2198 xxidie.
1378 2087 1515 2200 receptis
1544 2119 1585 2186 de

209 2256 350 2338 profiouo
370 2260 404 2318 et
425 2250 656 2334 egistiementis
684 2248 869 2313 unimulium
887 2246 1046 2346 iubosois
1075 2246 1193 2311 ibidem
1219 2247 1379 2328 peridem
1408 2256 1533 2332 tempus
1552 2258 1586 2317 et

213 2404 278 2449 non
291 2386 364 2467 plus
376 2403 434 2466 pro
446 2383 571 2448 deiectu
591 2387 768 2461 emptorum
781 2397 878 2442 seusu
890 2397 999 2460 guerre
1013 2384 1046 2442 et
1058 2383 1186 2461 propter
1198 2378 1338 2444 ledones
1358 2391 1590 2449 oommorsntes

215 2517 250 2580 in
270 2515 364 2578 dietis
383 2512 487 2576 boseis
505 2518 578 2594 post
598 2529 754 2592 guerram.
796 2507 902 2570 Niobil
922 2507 962 2571 de
982 2507 1123 2572 turberis
1142 2508 1259 2572 ibidem
1287 2511 1446 2592 peridem
1465 2520 1591 2596 tempus

215 2647 326 2713 endem
346 2665 453 2710 censo.
495 2641 714 2723 sodeuris.
735 2639 788 2723 viij
800 2639 832 2704 d.
853 2639 989 2722 reoeptis
1002 2639 1042 2702 de
1062 2640 1179 2704 enxilio
1199 2641 1357 2706 Wsnnssr
1376 2641 1416 2706 de
1436 2644 1590 2710 smum

215 2779 300 2862 quod
319 2777 434 2840 dieitur
454 2773 638 2840 Commorth
657 2773 719 2836 hoo
739 2790 833 2835 suno.
875 2772 972 2835 Sum:
994 2771 1036 2852 vij
1048 2770 1080 2835 li.
1101 2773 1168 2854 vjs.

255 2909 371 2972 Exitus
390 2905 652 2970 molendinorum.
693 2903 785 2968 Idem
804 2903 972 2986 respondet
1000 2903 1039 2967 de
1064 2903 1149 2986 vijli.
1170 2903 1240 2985 vie.
1262 2904 1316 2986 viij
1327 2905 1359 2968 d.
1388 2904 1428 2969 de
1456 2905 1592 2972 exitrbus

214 3039 249 3121 iij
279 3035 530 3101 molendinorum
560 3033 778 3117 squutioorum
805 3039 839 3098 et
858 3034 869 3114 j
891 3033 1064 3097 molendini
1092 3032 1252 3099 ventritiei
1279 3033 1395 3098 ibidem
1424 3035 1593 3117 peridem

216 3175 351 3249 tempus.
392 3166 438 3230 Et
468 3165 508 3228 de
528 3164 637 3245 xviijs.
659 3164 795 3245 receptis
824 3162 864 3226 de
885 3163 1020 3227 exitibus
1038 3162 1050 3244 j
1071 3161 1244 3228 molendini
1271 3162 1411 3228 iudouioi
1430 3167 1591 3248 peridem

217 3306 353 3378 tempus.
395 3295 491 3360 Sum:
512 3294 610 3376 viijli.
630 3293 713 3376 iiijs.
734 3292 831 3376 viijd.

257 3430 363 3511 Opere
381 3428 520 3494 venditu.
561 3426 652 3490 Idem
672 3426 841 3508 respondet
854 3425 894 3489 de
906 3423 929 3506 ij
941 3443 966 3488 s.
988 3423 1042 3505 viii
1053 3423 1085 3489 d.
1106 3425 1241 3508 receptis
1254 3425 1293 3489 de
1306 3425 1444 3508 pretioue
1464 3445 1595 3510 operum

218 3561 229 3643 i
251 3558 436 3626 oustumsrii
455 3558 510 3640 qui
529 3557 623 3620 debet
642 3576 788 3638 reperere
808 3555 945 3638 quinque
965 3574 1096 3618 oeruees
1121 3561 1154 3620 et
1184 3555 1409 3618 intrumentum
1427 3556 1440 3639 j
1462 3559 1530 3623 sliri
1560 3566 1593 3641 et

218 3690 347 3771 eeiomj
369 3687 554 3754 enstumsrii
573 3686 628 3770 qui
647 3686 741 3750 debet
771 3685 873 3750 iuuere
901 3691 988 3748 rotss
1017 3685 1152 3767 plaustri
1170 3690 1203 3748 et
1223 3691 1356 3750 usmete.
1397 3687 1443 3750 Et
1463 3686 1503 3750 de
1522 3689 1593 3769 vis.

220 3949 304 4034 ⁵sud
322 3950 560 4014 menum
587 3946 684 4030 poen
713 3946 816 4027 operes
835 3944 887 4009 os.
928 3925 974 4008 ise
994 3945 1033 4008 se
1053 3945 1122 4026 vjs.
1143 3945 1188 4026 iiij
1200 3944 1231 4008 s.
1253 3946 1397 4025 receptis.
1418 3945 1457 4009 se
1478 3947 1596 4031 meri

145 4121 148 4128 ,
218 4082 365 4165 operibns
385 4079 567 4144 ioloseionis
587 4077 627 4141 de
640 4078 758 4142 eisdem
778 4076 979 4140 eustumuriis
999 4076 1134 4140 venditis
1154 4073 1270 4140 ibidem
1290 4075 1387 4158 predii
1406 4076 1509 4157 operi„
1527 4077 1593 4159 iifl,

218 4341 346 4406 entibus
365 4338 405 4404 de
425 4337 626 4402 emtumeriis
655 4335 773 4402 ibidem
803 4335 939 4401 venditis
966 4336 1064 4420 preoii
1081 4335 1135 4418 jd.
1177 4339 1220 4400 st
1245 4335 1285 4400 de
1305 4335 1380 4401 ixd.
1402 4340 1536 4422 receptis
1556 4341 1596 4408 de

220 4471 252 4535 ix
272 4469 419 4553 operibus
447 4467 712 4548 onstumsriorum
738 4467 855 4532 ibidem
883 4466 924 4531 sd
944 4467 1053 4532 tenum
1082 4467 1270 4533 tensendum
1299 4469 1397 4551 precii
1417 4473 1520 4552 operis
1539 4474 1595 4553 jd.

218 4599 262 4666 Et
281 4599 322 4668 de
342 4599 407 4683 lui
419 4617 446 4665 r.
466 4597 512 4680 iii]
522 4597 554 4663 d.
575 4597 709 4681 rseoptis
728 4597 768 4663 de
788 4598 909 4681 nooolvj
929 4597 1076 4682 operibus
1096 4599 1263 4684 rrumpni
1282 4602 1536 4685 provenientibus
1555 4603 1595 4696 ds
