3956 5488
436 689 496 756 286

396 995 512 1060 limites
532 1001 615 1062 terre
628 997 668 1064 de
682 999 825 1064 Goun'rs
844 1000 986 1067 lecerunt
999 1019 1056 1084 per
1068 1005 1174 1066 curtus
1188 1017 1262 1066 suus
1281 999 1432 1082 predictis
1451 997 1616 1063 monschis
1629 995 1669 1060 dc
1682 993 1791 1060 terris

395 1128 586 1192 tenementis
606 1137 639 1193 et
660 1129 858 1196 libertatibus
888 1132 1125 1216 quibuscunque
1154 1138 1243 1197 ratus
1269 1131 1425 1195 hebentes
1445 1136 1478 1194 et
1498 1137 1605 1210 gretes
1635 1146 1690 1192 eus
1722 1143 1787 1208 pru

396 1259 489 1323 nubis
518 1266 551 1323 ct
576 1261 744 1326 heredibus
773 1263 892 1328 nostris
920 1283 958 1329 se
979 1264 1149 1346 assignetis
1177 1270 1333 1348 qnantum
1352 1263 1386 1326 iu
1407 1263 1499 1326 uobis
1519 1268 1569 1325 est
1589 1259 1722 1324 dilectis
1753 1259 1792 1322 in

395 1389 500 1454 Gristo
520 1411 606 1454 nunc
627 1391 735 1458 sbbeti
748 1399 780 1458 et
800 1395 965 1458 monachis
984 1395 1046 1458 loci
1064 1393 1198 1475 predicti
1216 1401 1250 1458 et
1264 1411 1373 1456 eorum
1392 1389 1625 1456 successoribus
1644 1389 1787 1454 cenced-

394 1521 477 1584 imus
497 1523 675 1586 remisimus
695 1524 890 1588 ratificamus
909 1532 942 1589 et
962 1525 1188 1590 confirmemus
1200 1526 1235 1588 in
1249 1525 1380 1588 liberum
1399 1543 1512 1606 purum
1532 1531 1565 1584 et
1585 1527 1784 1604 perpetuum

395 1652 595 1716 elimosinam
625 1654 706 1718 sicut
738 1654 844 1736 ulique
872 1654 1038 1718 elimoeinu
1066 1654 1194 1719 liberius
1213 1653 1283 1718 duri
1302 1654 1354 1718 rel
1373 1655 1484 1718 teneri.
1527 1654 1620 1717 Salvo
1640 1671 1707 1716 uno
1731 1671 1785 1717 es·

398 1785 509 1866 puerio
528 1785 626 1850 rubeo
646 1785 738 1850 nobis
758 1793 791 1850 et
811 1785 980 1850 heredibus
1009 1787 1128 1850 nostris
1158 1785 1325 1850 mnnutim
1345 1785 1379 1848 iu
1399 1787 1482 1849 leste
1507 1784 1687 1848 nstivitutis
1717 1783 1783 1848 b'ti

396 1915 527 1979 Junr’rs
557 1915 696 1996 bsptistc
715 1935 773 1998 pro
793 1915 930 1998 quodum
959 1923 1143 1982 tenemento
1164 1917 1197 1980 in
1219 1915 1370 1980 Loen’rn
1389 1915 1473 1998 qued
1493 1923 1625 1979 vocetur
1645 1915 1782 1978 Inernn

401 2045 567 2110 uenustim
598 2047 842 2127 persolvendum
865 2066 923 2129 pru
945 2047 1091 2110 ommbus
1112 2047 1184 2112 uliis
1206 2046 1344 2110 serviciis
1374 2045 1654 2110 consuetudinibus
1679 2047 1787 2110 sectis

393 2175 486 2238 dunis
506 2175 632 2240 suxiliis
652 2177 889 2260 quibuscunque
902 2179 936 2240 in
949 2184 1147 2260 perpetuum.
1174 2177 1326 2242 Volentes
1339 2185 1372 2240 et
1385 2175 1595 2242 concedentes
1607 2195 1665 2258 pre
1680 2177 1782 2241 nobis

395 2303 564 2369 bercdrbus
584 2307 700 2372 nostris
721 2313 753 2373 et
775 2309 943 2390 essignstis
963 2309 1048 2392 quod
1060 2309 1123 2373 iste
1136 2317 1226 2374 certe
1238 2317 1271 2372 et
1284 2329 1395 2402 ornnes
1415 2310 1476 2373 elis
1489 2316 1576 2373 curte
1596 2308 1784 2392 supradicte

396 2436 570 2500 anundum
589 2437 654 2502 rim
673 2437 807 2504 formem
820 2445 853 2503 et
867 2439 1013 2504 effectum
1034 2440 1168 2504 eundem
1180 2440 1215 2506 in
1228 2440 1375 2504 omnibns
1395 2440 1461 2505 suis
1481 2440 1622 2506 articulis
1642 2441 1785 2505 tirmiter

394 2576 427 2633 et
446 2569 668 2634 inviolabiliter
693 2570 898 2636 observentur
927 2571 1168 2654 imperpetuum.
1211 2573 1301 2636 Iicet
1330 2573 1455 2638 urticnli
1483 2572 1581 2654 eliqui
1600 2571 1635 2634 in
1654 2571 1782 2636 eisdem

393 2700 445 2766 sel
460 2700 565 2783 ulique
585 2703 757 2766 emundem
777 2703 919 2768 contenti
940 2703 1101 2786 hueusque
1122 2704 1251 2769 minime
1271 2703 1387 2768 trierim
1401 2703 1570 2768 observati.
1612 2702 1781 2768 Concessi-

396 2851 468 2896 mus
488 2839 521 2895 et
541 2851 599 2914 pre
628 2833 720 2901 nobis
745 2833 913 2898 heredibus
943 2841 976 2898 et
1004 2835 1174 2916 assignetis
1203 2834 1321 2898 uostris
1350 2834 1434 2917 qued
1463 2853 1525 2898 nos
1555 2852 1613 2899 uec
1641 2833 1781 2898 heredes

394 2965 496 3028 nestri
524 2983 583 3028 neu
615 2965 728 3048 uliquis
747 2985 804 3046 per
823 2983 883 3028 nos
901 2985 960 3047 pro
980 2965 1072 3030 nobie
1091 2985 1149 3029 seu
1176 2966 1304 3030 nomine
1334 2972 1444 3028 nostro
1472 2963 1592 3046 uliquid
1621 2963 1779 3028 luciems

398 3097 449 3159 vel
463 3097 678 3178 perquiremus
690 3117 747 3178 per
767 3096 850 3180 quod
869 3095 933 3160 istu
946 3103 1036 3161 curte.
1048 3095 1099 3162 vel
1112 3097 1251 3179 aliquem
1263 3097 1382 3159 dietum
1402 3101 1524 3160 cunum
1537 3093 1716 3177 uliquuliter
1735 3095 1787 3158 in·

391 3227 548 3307 iringetur
567 3227 618 3290 vel
637 3225 814 3291 infirmetur
834 3232 890 3290 sut
910 3225 1121 3290 sinichilctur
1140 3232 1173 3290 et
1193 3227 1221 3292 si
1241 3225 1361 3309 aliquid
1380 3226 1422 3291 ub
1442 3227 1549 3308 ulique
1568 3225 1780 3308 perquisitum

266 3429 267 3434 ,
392 3349 443 3425 vel
472 3359 592 3422 luctum
620 3355 680 3420 luit
708 3363 820 3420 coutru
847 3355 976 3420 eusdem
1006 3355 1104 3418 nichil
1138 3355 1244 3420 velent
1279 3361 1311 3418 et
1345 3373 1403 3437 pro
1437 3355 1525 3418 nullo
1555 3355 1711 3418 hubcutur
1740 3355 1777 3418 in

394 3490 546 3553 futurum.
602 3487 706 3564 Quure
734 3489 925 3570 precipimus
953 3494 986 3552 et
1014 3487 1203 3552 mundemus
1232 3486 1407 3550 senescullo
1437 3493 1547 3549 nostro
1577 3486 1722 3550 Goun'rn
1744 3491 1781 3550 et

398 3619 546 3684 omnibus
566 3637 604 3682 ee
625 3618 756 3700 singulis
776 3618 900 3682 ballivis
920 3624 952 3683 et
973 3617 1126 3681 ministris
1147 3617 1265 3680 uostris
1284 3616 1427 3698 parcium
1452 3616 1579 3678 illusum
1607 3622 1676 3680 tem
1701 3635 1772 3696 pre·

396 3752 542 3818 sentibus
576 3770 673 3835 quum
704 3749 819 3814 futuris
855 3749 940 3832 qnod
968 3749 1064 3814 istum
1093 3755 1215 3812 eurtum
1244 3753 1278 3814 et
1309 3766 1419 3810 omnes
1458 3746 1619 3828 predictus
1667 3753 1778 3810 curtus

394 3893 462 3953 tum
492 3903 642 3968 magnum
682 3888 805 3946 eurtum
842 3881 882 3945 de
922 3880 1123 3946 libertatibus
1165 3881 1309 3944 Gou'mn
1339 3897 1436 3961 quum
1466 3877 1545 3942 elius
1573 3895 1780 3960 quascunque

394 4015 568 4082 seeundum
598 4021 742 4080 tenorem
769 4011 942 4078 earundem
972 4011 1111 4094 plenarie
1142 4009 1294 4076 ullcuetis.
1336 4009 1382 4074 Et
1412 4027 1523 4074 omnes
1553 4008 1717 4074 libertates
1743 4015 1778 4072 et

393 4149 534 4230 singulus
553 4146 588 4212 in
608 4145 727 4210 eisdem
747 4151 780 4209 et
801 4143 933 4226 singulis
953 4127 1126 4208 emendem
1146 4147 1316 4206 contentus
1335 4141 1481 4204 visitutus
1494 4145 1527 4204 et
1540 4159 1607 4204 nen
1626 4139 1776 4204 usimtss

392 4279 588 4348 scammelis
607 4279 715 4344 illesus
735 4283 768 4341 et
782 4277 823 4340 sb
843 4275 915 4340 eliis
928 4273 968 4338 de
981 4281 1086 4338 cetere
1107 4271 1285 4336 conuersuri
1303 4271 1429 4336 lusistis
1449 4271 1691 4352 imperpetuum.
1732 4269 1777 4333 Iu

392 4418 484 4497 eujus
509 4412 555 4476 rei
583 4409 799 4476 testimouium
829 4407 913 4471 hunc
941 4413 1121 4489 presentem
1150 4411 1274 4470 curtem
1302 4409 1445 4468 nestrum
1474 4402 1568 4484 sigilli
1596 4401 1700 4466 nostri
1718 4400 1778 4466 im·

393 4544 555 4626 pressione
574 4541 801 4608 rcboruvimus.
842 4539 917 4604 Hiis
930 4539 1067 4604 testibus
1094 4537 1242 4602 dominus
1268 4537 1387 4600 Tnous
1399 4535 1440 4600 de
1452 4535 1564 4602 huon
1579 4540 1658 4598 tune
1671 4552 1777 4598 senes

394 4676 476 4741 cello
496 4674 640 4738 Gou'nrn
695 4673 867 4738 Nrcnonse
885 4670 926 4735 de
946 4669 1077 4734 Hnwrs
1130 4669 1287 4734 Ronmro
1306 4667 1346 4732 de
1367 4667 1501 4732 Purus
1554 4665 1710 4731 Jonsrrur
1736 4665 1778 4728 de
