3932 5498
416 777 477 841 202

376 1084 406 1147 le
427 1083 505 1146 Mor
524 1099 564 1146 ex
583 1086 674 1164 perte
695 1079 827 1144 eustreli
846 1086 880 1144 et
900 1078 1001 1144 eciem
1020 1077 1103 1144 inter
1122 1083 1250 1161 pretam
1269 1075 1431 1144 Jonsurtts
1452 1075 1583 1142 elenu
1603 1093 1642 1142 ex
1661 1081 1753 1159 perte

376 1213 522 1278 oriented
552 1219 585 1276 et
614 1218 742 1293 protum
772 1211 856 1294 quod
886 1212 1062 1276 Bonnam
1090 1211 1234 1274 Hnunru
1262 1209 1421 1292 quendem
1451 1210 1556 1274 tenuit
1588 1227 1628 1274 ex
1661 1215 1755 1290 perte

375 1343 573 1409 occidentali.
625 1342 819 1406 Hebendum
844 1349 877 1405 et
897 1343 1070 1405 tenendum
1100 1348 1203 1405 totem
1232 1341 1407 1422 predictem
1434 1347 1553 1404 terrem
1573 1347 1606 1404 et
1625 1345 1755 1422 pretum

377 1493 451 1538 oum
481 1473 629 1538 omnibns
658 1474 724 1538 suis
753 1473 956 1556 pertinenciis
975 1473 1016 1537 de
1036 1473 1166 1555 oepiteli
1193 1473 1322 1536 domino
1351 1473 1493 1537 eiusdem
1522 1471 1606 1536 leodi
1626 1469 1679 1553 qui
1698 1487 1758 1550 pro

378 1613 521 1688 tempore
550 1606 644 1669 luerit
672 1605 815 1687 predicto
843 1605 1010 1670 Wsnrnno
1039 1613 1073 1669 et
1092 1605 1260 1668 heredibus
1288 1605 1354 1670 euie
1381 1606 1431 1670 vel
1459 1602 1629 1686 assignetis
1657 1601 1755 1664 litere

379 1741 485 1824 quiete
522 1739 642 1820 integre
672 1737 753 1802 bene
787 1745 819 1801 et
853 1738 887 1799 in
920 1723 998 1819 pece
1031 1737 1099 1800 iure
1129 1737 1319 1802 hereditario
1359 1737 1601 1818 imperpetuum.
1663 1731 1747 1794 Bed-

377 1869 480 1934 dendo
500 1869 573 1932 inde
595 1867 760 1930 ennnetim
779 1867 947 1930 heredibus
967 1865 1044 1928 dicti
1071 1867 1234 1930 Jonenurs
1266 1865 1324 1928 filii
1357 1865 1503 1928 Roenm
1531 1865 1619 1926 ΒΜ
1645 1863 1751 1926 dictus

376 1999 564 2064 wilmus
584 1998 666 2060 filius
687 1997 790 2059 Ansru
810 2003 843 2058 et
863 1996 996 2059 heredes
1016 1996 1065 2060 sui
1084 1997 1134 2060 vel
1156 1995 1309 2077 assignati
1328 2015 1428 2058 unum
1447 1995 1613 2058 denerium
1632 1992 1757 2075 argenti

373 2131 424 2196 vel
437 2148 537 2192 unum
548 2147 607 2209 per
620 2127 775 2190 elberium
788 2125 1017 2189 cirotheoerum
1030 2126 1071 2189 ed
1084 2126 1202 2189 festum
1216 2126 1325 2190 Sancti
1340 2125 1528 2189 Mreasunrs
1540 2145 1597 2208 pro
1610 2124 1758 2189 omnibus

378 2261 516 2326 serviciis
536 2258 680 2321 heriettis
700 2257 815 2319 werdis
843 2255 978 2319 relieviis
1008 2255 1103 2318 sectis
1134 2257 1218 2320 curie
1247 2257 1371 2320 auxiliis
1399 2257 1536 2339 tellegiis
1557 2264 1590 2321 et
1610 2257 1760 2319 ommlms

379 2394 449 2458 eliis
470 2388 662 2458 secularibus
690 2385 856 2449 demendis
876 2386 918 2449 ed
937 2385 1056 2449 dictem
1077 2393 1194 2449 terrem
1215 2387 1441 2468 spectantibus.
1484 2388 1547 2451 Pro
1566 2387 1628 2450 heo
1648 2393 1759 2450 eutem

378 2519 552 2586 doneoione
573 2515 774 2578 concessione
795 2520 828 2578 et
848 2515 987 2595 presenti
1007 2521 1094 2578 certe
1114 2535 1184 2580 mee
1204 2517 1444 2580 confirmacione
1465 2517 1553 2580 dedit
1580 2515 1660 2579 mihi
1687 2536 1759 2598 pre·

380 2653 485 2716 dictus
513 2648 702 2710 Wennnnus
731 2645 815 2708 lilius
846 2646 950 2706 Auem
978 2645 1114 2726 quinque
1144 2665 1268 2709 merces
1288 2652 1321 2708 et
1342 2645 1505 2709 dimidiem
1535 2645 1760 2726 sterlingorum

378 2778 590 2868 premenibus.
633 2779 675 2838 Et
706 2795 763 2857 ego
794 2795 868 2840 vero
896 2775 1000 2839 dictus
1028 2777 1220 2840 Nrcnomos
1250 2778 1379 2841 Gnrrrm
1408 2786 1441 2841 et
1470 2778 1602 2843 heredes
1621 2778 1684 2842 mei
1705 2777 1756 2840 vel

384 2909 536 2992 essigneti
556 2913 658 2972 totem
678 2905 854 2987 predictam
874 2912 991 2968 terrem
1011 2913 1044 2968 et
1064 2913 1192 2987 prelum
1212 2926 1286 2971 cum
1305 2909 1451 2972 omnibus
1471 2909 1537 2973 suis
1556 2908 1762 2990 pertinenciis

378 3049 415 3106 ut
435 3039 644 3123 prescriptum
664 3043 713 3100 est
734 3043 846 3098 contre
865 3055 975 3098 omnes
995 3036 1145 3100 mortales
1165 3038 1373 3101 werentinere
1398 3039 1578 3121 ecquietere
1598 3049 1633 3103 et
1653 3040 1759 3102 deien-

380 3173 455 3236 dere
474 3169 625 3233 debemus
644 3167 885 3247 imperpetuum.
927 3167 972 3227 Et
986 3172 1022 3228 ut
1042 3165 1101 3227 hec
1121 3185 1193 3229 mee
1213 3165 1347 3230 donacio
1366 3169 1527 3232 concessio
1547 3175 1581 3232 et
1599 3171 1758 3251 presentis

379 3309 466 3368 certe
494 3321 564 3364 mee
594 3297 795 3363 condrmecio
823 3304 895 3360 rete
925 3297 1049 3360 stabilis
1079 3304 1112 3360 et
1132 3297 1321 3362 inconcusse
1349 3307 1535 3380 permeneet
1555 3301 1588 3362 in
1609 3307 1756 3364 eternum

380 3436 465 3498 hene
484 3437 664 3514 presentem
684 3436 806 3492 certem
827 3428 921 3510 sigilli
940 3429 1004 3492 mei
1022 3429 1227 3510 impressione
1247 3430 1391 3494 roboravi
1404 3437 1437 3494 et
1450 3431 1643 3496 confirmevi.
1685 3432 1759 3496 Hiis

377 3565 512 3630 testibus
525 3563 643 3626 unone
655 3561 782 3623 Blesum
826 3560 1024 3622 Wmnrunno
1045 3559 1074 3622 le
1095 3559 1199 3622 Percu
1237 3560 1391 3623 ionem
1412 3561 1526 3626 Iouem
1568 3561 1715 3627 erno
1729 3563 1760 3626 le

381 3699 544 3760 Nunennn
584 3693 736 3756 Jonsuun
757 3691 888 3755 Goernu
902 3697 935 3754 et
948 3692 1058 3754 multis
1079 3691 1158 3754 eliis.
1201 3691 1323 3754 Datum
1343 3691 1427 3772 epud
1447 3691 1692 3756 muueris
1710 3693 1763 3758 die

381 3827 548 3894 Dominiee
563 3823 707 3908 proxime
720 3829 795 3888 ente
808 3822 926 3888 iestnm
940 3821 1049 3887 Sancti
1062 3823 1166 3885 Penm
1179 3821 1220 3885 de
1233 3821 1385 3886 cethedre
1397 3841 1483 3888 enno
1495 3825 1597 3907 pecie
1609 3827 1763 3891 mcoe'rno

384 3961 505 4041 quinto.

1350 4268 1366 4306 l

987 4335 1165 4402 ccxvm.

500 4467 638 4532 celtus
659 4465 850 4540 Meuium
871 4465 925 4529 ΑΡ
946 4465 1173 4530 LEWELINI
1193 4465 1345 4532 LEUKY
1365 4465 1487 4532 mun
1508 4467 1646 4534 mn).

967 4598 1097 4676 [omn
1118 4599 1209 4678 use]

429 4729 538 4794 Soiem
561 4735 723 4810 presentes
737 4737 770 4795 et
783 4728 880 4794 loturi
900 4728 984 4812 quod
997 4747 1055 4812 ego
1074 4728 1252 4796 Metuens
1265 4749 1308 4812 ep
1327 4729 1508 4798 Icum
1527 4731 1601 4798 dedi
1620 4735 1765 4800 concessi
