3986 5502
433 746 490 812 164

389 1048 556 1114 demenda.
609 1047 699 1127 Quod
713 1067 753 1112 ne
766 1047 799 1112 in
813 1053 973 1130 posterum
998 1049 1161 1116 denotetur
1181 1049 1214 1115 in
1235 1047 1365 1136 dubium
1384 1047 1457 1113 huie
1478 1045 1616 1131 presenti
1635 1047 1753 1130 scripto

389 1178 526 1261 sigillum
545 1198 651 1244 meum
670 1197 736 1244 nne
755 1197 828 1244 cum
856 1179 957 1261 sigillo
986 1180 1125 1262 predicte
1151 1174 1247 1246 Alicio
1276 1181 1388 1245 matris
1407 1199 1476 1244 mee
1496 1186 1546 1244 est
1568 1197 1752 1260 appensum.

389 1308 463 1374 Hiis
495 1310 631 1374 testibus
665 1310 834 1374 erneo
863 1310 903 1373 de
932 1310 1040 1374 Bneru
1068 1311 1225 1374 Pnrrrrnc
1250 1311 1340 1372 Pmn
1368 1309 1535 1374 ernno
1568 1308 1608 1372 de
1641 1308 1752 1372 (iussn

388 1439 546 1502 anrrrc
565 1439 725 1505 usercen
763 1439 881 1502 Tucim
900 1438 1013 1502 Iesse
1053 1438 1223 1504 mosomo
1244 1438 1283 1502 ds
1300 1405 1458 1503 Pmmm
1496 1438 1643 1504 Bicsnnc
1662 1439 1753 1504 Rex·

389 1585 474 1632 noun
514 1569 670 1632 chnsrc
690 1569 719 1632 le
739 1567 890 1632 anmsn
910 1573 942 1632 et
962 1565 1043 1632 eliis.

965 1839 1178 1905 cnxxxm.

439 1971 577 2040 ΟΑΒΤΔ
599 1970 817 2036 STEPHANI
838 1971 899 2036 DE
921 1970 998 2036 BTO
1019 1969 1214 2036 HYLABIO
1235 1967 1408 2033 MYDONI
1429 1967 1490 2030 DE
1510 1963 1703 2030 susm.

853 2104 957 2185 [Annz
980 2102 1107 2166 Omns:
1129 2103 1179 2165 24.
1201 2101 1290 2181 271.]
1402 2169 1409 2186 ‚
1624 2096 1713 2159 1272.

428 2234 537 2300 Sciunt
558 2241 626 2298 tem
645 2240 808 2317 presentes
827 2253 922 2315 quum
942 2231 1039 2295 futuri
1059 2230 1142 2312 qnod
1161 2250 1218 2312 ege
1250 2230 1442 2292 Srnrssrrm
1460 2227 1500 2290 de
1521 2226 1646 2291 smero
1665 2225 1755 2288 Hm·

387 2383 483 2429 mmo
507 2365 580 2429 dedi
600 2370 633 2428 et
661 2364 802 2427 concessi
826 2371 859 2428 et
879 2363 940 2426 hnc
967 2361 1107 2450 presenti
1131 2367 1221 2424 certe
1240 2380 1313 2424 mse
1342 2358 1524 2422 confirmavi
1554 2358 1687 2420 Mmom
1716 2357 1758 2420 de

387 2494 526 2559 Binum
546 2501 611 2558 tres
642 2511 733 2558 ecrss
761 2499 843 2556 terre
869 2492 997 2556 erabilis
1023 2511 1102 2572 quas
1128 2491 1226 2554 hebui
1249 2491 1284 2551 in
1311 2489 1403 2552 feodo
1428 2489 1467 2552 de
1493 2489 1649 2550 Innnosn
1673 2487 1758 2550 inira

388 2626 547 2690 culturum
567 2643 627 2705 que
646 2623 776 2685 vocetur
794 2621 995 2684 Lmunncnn
1016 2641 1076 2701 qus
1096 2621 1201 2682 ieeent
1221 2621 1305 2682 inter
1324 2620 1407 2682 vium
1432 2619 1649 2699 regalemque
1669 2617 1758 2680 ducit

388 2775 498 2821 versus
525 2755 683 2816 Pnnumn
703 2759 735 2816 et
764 2757 882 2815 terrem
905 2751 982 2814 dieti
1011 2751 1162 2814 Minonis
1190 2770 1247 2831 pre
1272 2749 1394 2811 duabus
1419 2749 1533 2811 marcis
1563 2753 1596 2810 et
1626 2746 1759 2809 dimidiu

390 2885 631 2966 osterlingcrum
650 2882 728 2945 mibi
758 2883 792 2944 in
821 2881 945 2963 urgenti
973 2880 1097 2961 negotio
1125 2899 1196 2942 mec
1225 2878 1426 2960 premunibus
1453 2878 1630 2958 persolutis.
1690 2879 1761 2942 Hs·

389 3015 528 3080 bendum
549 3021 583 3077 et
603 3013 774 3076 tenendum
807 3012 866 3075 sibi
900 3019 932 3076 et
965 3010 1132 3074 heredibus
1166 3011 1231 3074 suis
1261 3010 1312 3074 vel
1345 3009 1410 3072 suis
1441 3009 1611 3090 assignatis
1644 3009 1757 3075 deme

387 3153 421 3210 et
446 3145 614 3209 heredibus
641 3145 720 3207 meis
749 3143 846 3206 bbere
867 3148 899 3205 et
933 3141 1038 3223 quiete
1065 3141 1186 3222 integre
1220 3146 1252 3203 et
1271 3140 1350 3202 bene
1370 3141 1404 3201 in
1424 3158 1502 3219 pecs
1536 3147 1568 3202 et
1589 3140 1759 3204 honorifice

389 3278 423 3343 in
444 3276 589 3339 omnibns
608 3275 686 3338 loeis
706 3293 779 3336 cum
799 3273 945 3336 omnibus
979 3269 1175 3334 aisiamentis
1204 3269 1403 3332 libertatibus
1432 3275 1465 3332 et
1490 3269 1595 3332 liberis
1624 3288 1757 3334 consue·

385 3405 549 3469 tudinibus
568 3403 651 3464 diets
671 3409 753 3464 terre
772 3399 1002 3482 pertinentibus
1021 3399 1071 3461 vel
1091 3397 1248 3478 pertinere
1267 3397 1448 3477 potentibus
1469 3397 1586 3479 ubsque
1605 3399 1670 3462 ulle
1691 3401 1755 3464 mei

387 3535 439 3600 vel
458 3531 610 3595 heredum
639 3533 812 3610 [meorum]
840 3535 1066 3592 retenemento.
1114 3526 1286 3589 Reddendc
1313 3526 1386 3588 inde
1416 3528 1581 3590 annuatim
1609 3527 1758 3594 desset

384 3662 553 3728 heredibus
572 3660 637 3723 suis
662 3659 712 3723 vel
738 3658 803 3721 suis
831 3658 999 3738 assignetis
1025 3656 1152 3719 dominc
1177 3654 1306 3736 enpiteli
1330 3655 1384 3735 qui
1410 3673 1468 3735 pro
1493 3662 1634 3735 tempore
1659 3657 1755 3722 inerit

389 3811 503 3858 norem
522 3789 668 3853 denarios
689 3787 730 3850 ed
749 3787 828 3850 duos
849 3786 925 3850 snni
945 3785 1096 3848 terminos
1115 3772 1259 3846 videlieet
1272 3782 1313 3845 cd
1327 3783 1443 3846 isstum
1462 3783 1547 3846 besti
1569 3785 1758 3852 Mreusnms

389 3930 525 4007 quatuor
538 3917 683 3982 denarios
702 3922 735 3978 et
755 3915 882 3978 obolum
895 3920 928 3988 et
941 3913 982 3977 ed
994 3913 1110 3975 festum
1131 3911 1305 3974 nativitatis
1334 3911 1419 3974 besti
1439 3913 1599 3976 Jcssnnrs
1619 3914 1758 3997 baptiste

389 4057 525 4136 quatuor
553 4046 698 4110 denarios
717 4051 750 4107 et
770 4043 897 4106 obolum
916 4061 973 4124 pro
1003 4041 1090 4104 omni
1110 4040 1239 4104 servicio
1260 4041 1424 4103 exactione
1445 4049 1478 4104 et
1497 4041 1664 4107 demands.
1714 4049 1759 4110 Et

389 4201 447 4266 ego
473 4181 664 4244 binemus
694 4175 734 4239 de
763 4175 820 4239 Sto
849 4173 1001 4236 nmmo
1031 4178 1063 4236 st
1093 4171 1224 4236 heredes
1249 4171 1312 4234 mei
1336 4172 1438 4234 dictes
1463 4179 1529 4235 tres
1559 4193 1649 4238 eerss
1673 4182 1759 4240 terre

389 4309 517 4377 srsbilis
544 4327 618 4371 cum
650 4305 796 4370 omnibus
824 4303 889 4367 suis
932 4303 1133 4385 pertinenciis
1163 4305 1257 4383 prout
1299 4301 1554 4382 prenominatum
1587 4309 1636 4366 est
1668 4304 1757 4368 dicto

384 4439 519 4504 Mmoru
559 4444 592 4500 et
618 4435 785 4501 heredibus
810 4434 876 4498 suis
900 4435 951 4498 rel
976 4433 1042 4497 suis
1067 4432 1237 4513 assignatis
1266 4439 1379 4495 contre
1404 4451 1514 4496 omnes
1546 4432 1692 4497 homines
1717 4442 1752 4500 et

385 4567 521 4632 iemines
546 4567 767 4648 inperpetuum
793 4565 1069 4629 warantizabimus
1099 4563 1346 4644 acquietabimus
1375 4568 1407 4625 et
1437 4561 1651 4628 defendemus.
1708 4564 1755 4629 iit

390 4706 426 4765 ut
446 4698 505 4764 hec
535 4715 607 4762 mee
633 4695 763 4764 teneto
792 4700 824 4760 et
855 4692 1015 4780 concessic
1039 4699 1111 4759 rste
1132 4693 1173 4759 sit
1200 4699 1233 4758 st
1264 4697 1354 4760 firme
1381 4693 1520 4774 presenti
1549 4700 1636 4760 certe
1665 4693 1760 4774 sigilli
