3986 5502
345 681 354 692 ⁵
397 688 455 749 126

351 1009 389 1055 ae
409 989 533 1054 petallis
553 987 656 1053 bessis
675 989 775 1070 pretis
795 987 934 1070 pesturis
977 1030 1133 1050 ............
1163 983 1214 1048 nis
1243 982 1431 1048 molendinis
1460 983 1634 1066 maler[iis]
1653 985 1715 1066 pia·

350 1120 443 1186 seriis
461 1121 623 1184 montibus
642 1120 746 1201 plenis
765 1119 824 1182 viis
844 1125 877 1182 et
898 1117 1019 1181 semitis
1039 1135 1077 1180 se
1096 1115 1242 1180 erunibus
1262 1113 1333 1178 aliis
1361 1113 1557 1178 eisiameutis
1585 1115 1716 1196 predicti

347 1251 481 1317 menerii
501 1271 574 1316 eum
593 1250 739 1314 omnibus
758 1251 824 1314 suis
854 1249 1090 1332 quibuscunque
1117 1246 1320 1329 pertinenciis
1348 1245 1490 1328 predicte
1520 1245 1541 1309 J
1542 1263 1664 1310 osam
1682 1247 1713 1312 le

350 1383 506 1446 Borrnue
525 1387 559 1446 et
578 1380 717 1463 prediete
737 1380 889 1445 ioman
910 1378 949 1443 de
969 1379 1076 1441 Rnrru
1096 1382 1129 1441 et
1147 1376 1316 1440 heredibus
1344 1374 1486 1456 ejusdem
1505 1374 1657 1440 domun
1677 1375 1717 1442 de

350 1513 458 1578 Rem
477 1513 528 1577 vel
548 1511 614 1576 suis
638 1511 806 1594 assignatis
819 1511 859 1575 de
872 1531 924 1574 me
937 1517 971 1574 et
991 1509 1160 1574 heredibus
1187 1507 1266 1571 meis
1291 1505 1387 1569 libere
1408 1505 1513 1588 quiete
1533 1511 1567 1568 et
1585 1503 1620 1568 in
1638 1526 1717 1589 puae

220 1693 224 1706 .
350 1640 425 1706 huie
445 1660 483 1705 ae
497 1640 563 1704 suis
574 1641 743 1706 heredibus
761 1641 991 1722 inperpetuum.
1033 1638 1204 1705 Reddendo
1221 1637 1298 1700 inde
1318 1635 1483 1700 mnarum
1486 1687 1564 1705 ......
1567 1638 1718 1720 predistis
1808 1713 1816 1726 Ι

351 1771 504 1836 donem
529 1771 560 1834 le
585 1771 742 1836 Borma
761 1771 912 1835 Jonrrrr
931 1770 971 1834 de
991 1770 1098 1834 sum
1108 1776 1141 1833 et
1162 1769 1329 1833 heredibus
1342 1771 1484 1852 ejusdem
1504 1773 1656 1837 donem
1676 1772 1717 1836 de

349 1903 457 1966 Burri
475 1901 526 1966 vel
539 1891 609 1964 suis
618 1901 787 1983 resignatis
799 1900 896 1963 miehi
908 1899 1049 1982 predicto
1070 1901 1267 1963 Wrnnrnmro
1292 1900 1441 1982 quamdiu
1460 1901 1566 1966 vixero
1586 1901 1717 1984 triginta

351 2031 448 2096 libres
478 2032 601 2113 urgenti
628 2037 661 2095 et
688 2037 761 2112 post
791 2031 955 2094 decessum
982 2050 1089 2094 meum
1118 2028 1285 2094 heredibus
1314 2032 1394 2094 meis
1421 2051 1520 2095 unum
1553 2031 1718 2096 denarium

350 2160 472 2242 urgenti
491 2159 533 2224 sd
552 2160 669 2225 iestum
689 2160 739 2226 sti
758 2159 946 2226 Mrumnrs
965 2179 1021 2242 pro
1035 2160 1180 2223 omnibus
1192 2159 1340 2224 serviciis.
1381 2162 1450 2243 Ego
1463 2182 1537 2228 vero
1556 2163 1717 2246 prediatus

349 2291 570 2355 Wmnrnuuus
589 2296 622 2354 et
641 2289 774 2354 heredes
800 2291 864 2354 mei
883 2290 1032 2374 prodistis
1061 2291 1205 2356 iussum
1225 2292 1255 2354 le
1275 2291 1431 2356 Berrnnr
1450 2299 1483 2358 et
1503 2294 1656 2358 donem
1675 2295 1716 2360 de

349 2421 510 2486 Burru'et
530 2421 697 2486 heredibus
727 2421 870 2504 eiusdem
903 2423 1056 2486 Jonsrun
1076 2423 1115 2486 de
1136 2423 1243 2485 snm
1263 2429 1296 2486 et
1317 2425 1383 2488 suis
1413 2425 1582 2507 assignetis
1612 2433 1717 2490 totum

349 2551 471 2616 dietum
489 2551 666 2648 menesium
686 2571 759 2618 eum
784 2551 930 2616 omnibus
949 2551 1152 2633 pertinenciis
1170 2559 1207 2615 ut
1228 2573 1324 2634 supra
1353 2555 1505 2635 seriptum
1534 2560 1584 2618 est
1604 2563 1717 2621 uentu

348 2703 458 2747 omnes
477 2685 627 2747 mortales
646 2702 703 2765 per
723 2682 854 2746 servicia
871 2682 1013 2763 predicta
1032 2682 1308 2746 warantizabimus
1328 2690 1361 2746 et
1380 2683 1584 2748 defendemus
1612 2684 1714 2767 inper-

344 2822 486 2898 petuum.
528 2817 570 2877 Et
590 2819 627 2876 ut
646 2813 706 2876 hee
726 2831 799 2876 meu
825 2812 955 2876 donatio
975 2812 1136 2876 eoneessio
1156 2818 1189 2876 et
1208 2813 1347 2893 presenti
1376 2815 1493 2896 seripto
1513 2815 1713 2880 eenfirnretie

346 2951 418 3008 rata
437 2949 471 3007 et
491 2943 614 3010 stebilis
633 2943 856 3024 inperpetuum
867 2905 1053 3022 permaneat
1073 2940 1147 3003 huie
1160 2942 1299 3022 presenti
1313 2942 1431 3024 scripto
1451 2943 1588 3025 sigillum
1608 2965 1714 3008 meum

347 3075 498 3158 apposui..
530 3073 605 3138 Hiis
624 3075 760 3138 testibus
781 3072 979 3138 winusus
1009 3073 1144 3134 anurn
1184 3073 1261 3137 Bru:
1290 3073 1330 3136 de
1355 3074 1543 3138 Wranunsn'
1584 3093 1714 3140 mern

349 3207 389 3272 de
410 3207 490 3270 Mne
513 3258 591 3276 ......
636 3207 781 3269 Rrosnno
802 3204 867 3267 tilio
880 3203 1053 3265 Bnurraur
1093 3202 1247 3270 Hsraroo
1260 3201 1300 3267 de
1313 3203 1475 3268 Frursuer
1516 3205 1714 3270 Wmnrunrro

344 3339 491 3402 Fissus
532 3341 729 3403 Wrnnrnnrro
749 3336 898 3397 Pmoun
918 3340 951 3396 et
971 3333 1052 3396 ahie.
1095 3333 1215 3396 Datum
1236 3332 1319 3416 apud
1348 3335 1520 3400 Essnonru
1533 3335 1575 3402 ed
1595 3337 1712 3402 festum

346 3471 402 3536 Sta
423 3471 595 3536 Kardamis
620 3467 748 3552 virginis
767 3466 906 3532 martiris
929 3467 1047 3548 [enno]
1068 3463 1156 3548 regni
1169 3465 1264 3548 Regis
1284 3465 1431 3531 Hnrrmur
1457 3467 1713 3552 quinquagesimo

345 3601 451 3666 tertie.

977 3847 1079 3913 cm.
1100 3897 1106 3908 i

375 3981 537 4049 WBONO
558 3981 614 4044 AB
634 3979 790 4046 rursm
809 3977 958 4046 DOMUI
978 3980 1038 4044 DE
1060 3978 1254 4055 Menses,
1276 3979 1683 4058 Qumis-emmeno.

782 4101 910 4183 [Herm
932 4101 1061 4166 cmi:
1085 4101 1123 4166 75
1145 4101 1180 4165 0.
1202 4102 1274 4183 bh]
1463 4121 1559 4166 emer
1581 4103 1670 4168 1270.

380 4236 546 4306 Universis
567 4237 702 4302 Gsursur
714 4233 859 4298 fidelibus
872 4251 1002 4314 presens
1016 4232 1168 4316 seriptum
1187 4202 1300 4298 visuris
1313 4233 1363 4298 vel
1378 4233 1541 4298 audituris.
1584 4233 1714 4298 Wsoru

342 4369 382 4433 ab
402 4369 523 4432 Teren·
544 4369 679 4432 sulutem
698 4365 733 4429 in
753 4364 901 4429 Domino.
944 4364 1077 4428 Noverit
1101 4363 1292 4428 universitas
1321 4371 1428 4428 vestra
1457 4365 1541 4447 quod
1561 4384 1619 4446 ego
1638 4384 1713 4428 eon·

339 4499 411 4567 silio
430 4505 463 4562 et
483 4518 640 4565 eonsensu
660 4499 812 4561 Kartum
831 4503 864 4561 et
885 4497 1012 4560 Wsosu
1032 4496 1173 4561 Veneres
1193 4497 1329 4559 filiorum
1348 4515 1489 4559 meorum
1508 4502 1540 4559 et
1561 4494 1713 4559 heredum

339 4635 373 4694 et
394 4627 526 4695 aliorum
555 4628 726 4696 emiserunt
746 4647 888 4696 meorum
907 4627 1048 4696 eoneessi
1068 4634 1101 4694 et
1121 4627 1263 4710 quietum
1282 4627 1417 4694 elumeri
1437 4633 1471 4694 et
1490 4627 1552 4694 buu
1572 4626 1711 4714 presenti
