3956 5488
1361 768 1363 773 .
1467 707 1526 771 285

183 1015 270 1078 inter
301 1021 420 1079 terram
448 1033 551 1078 mesm
573 1012 612 1078 de
642 1013 773 1078 Kruuus
794 1021 826 1079 et
847 1019 964 1078 terram
995 1031 1101 1078 eorum
1133 1033 1228 1098 quam
1257 1021 1369 1079 tenent
1390 1015 1429 1078 da
1451 1014 1567 1080 comite

184 1147 421 1209 Gnouossmua
441 1146 475 1208 in
495 1146 684 1210 ooeidentali
703 1153 794 1228 perte
815 1165 896 1228 aque
916 1144 955 1209 de
977 1146 1097 1208 Nasus
1119 1165 1176 1228 ego
1196 1165 1269 1209 oum
1289 1147 1421 1209 oonsilio
1441 1166 1513 1210 meo
1533 1153 1566 1210 et

184 1276 266 1338 dicti
280 1276 430 1338 monaehi
449 1295 506 1358 per
526 1295 692 1340 assensum
711 1277 854 1357 ejusdem
874 1276 999 1340 oomilis
1019 1277 1147 1340 eosdem
1167 1277 1246 1340 fines
1267 1278 1565 1358 perambulavimus.

182 1407 374 1487 Inoipiendo
394 1407 509 1470 abillo
530 1409 600 1471 loeo
620 1407 675 1470 ubi
695 1409 814 1472 rivulus
834 1408 888 1490 qui
907 1416 1040 1472 sonatur
1070 1409 1251 1472 (lunanum
1282 1411 1367 1473 cadit
1388 1410 1421 1473 in
1443 1411 1567 1474 Manere

185 1539 315 1602 Mansa
335 1547 368 1601 et
389 1539 434 1601 sio
455 1537 655 1601 ascendendo
675 1557 732 1620 par
751 1539 887 1602 eundem
918 1539 1053 1602 rivulum
1073 1559 1172 1622 usque
1193 1540 1234 1603 ad
1253 1543 1431 1622 proximum
1451 1542 1569 1605 vadum

185 1689 340 1732 saxosum
360 1670 414 1734 ubi
444 1671 497 1734 viu
526 1669 646 1734 duoens
674 1669 714 1733 de
745 1670 921 1732 Lausum
943 1688 977 1734 se
998 1670 1141 1734 extendit
1169 1671 1254 1735 ultra
1282 1672 1404 1735 dietum
1432 1673 1569 1736 rivulum

184 1821 244 1884 per
264 1803 553 1864 Essnraurnsruu
583 1821 693 1866 versus
723 1801 842 1865 dietam
871 1801 1031 1866 abbatiam
1052 1801 1179 1866 atinde
1207 1803 1325 1867 ffireote
1353 1823 1410 1884 per
1438 1803 1571 1868 boscum

186 1952 290 2014 usque
311 1933 353 1995 ad
373 1933 496 1996 iontem
517 1933 576 1996 St’i
597 1933 714 1994 Ianum
733 1937 767 1996 et
787 1931 861 1995 inde
889 1931 1046 1996 linealiter
1073 1951 1172 2016 usque
1193 1935 1234 1998 ad
1255 1935 1388 1999 Feruor<
1418 1937 1516 2001 Duru
1537 1945 1570 2001 at

185 2065 263 2128 inde
292 2065 412 2128 duecte
432 2067 465 2127 in
486 2065 621 2128 rivulum
650 2065 704 2146 qui
731 2073 864 2129 vocatur
894 2066 1005 2129 Gneus
1026 2065 1153 2130 atinde
1184 2087 1241 2150 per
1270 2069 1405 2133 eundem
1434 2070 1571 2134 rivulum

184 2216 288 2278 usque
309 2197 350 2259 ad
370 2197 460 2260 illum
481 2197 585 2259 looum
604 2197 659 2260 ubi
688 2197 773 2261 idem
800 2198 921 2262 rivulus
941 2199 1027 2262 cadit
1047 2199 1081 2262 in
1102 2201 1233 2264 urum.
1276 2204 1318 2264 Et
1337 2202 1412 2283 ¹quia
1433 2221 1496 2264 non
1516 2222 1571 2283 po·

187 2330 311 2392 tuimus
331 2349 389 2410 pro
410 2329 502 2410 aquis
521 2336 555 2392 et
576 2329 673 2392 moris
693 2328 911 2410 perambulare
931 2329 1012 2392 fines
1031 2329 1171 2411 predicte
1191 2337 1275 2394 terre
1289 2350 1309 2394 a
1321 2329 1408 2395 dioto
1428 2331 1497 2393 looo
1517 2330 1572 2394 ubi

187 2462 372 2526 omnem
386 2461 472 2524 uadit
485 2461 518 2524 in
533 2461 657 2524 uram
678 2461 801 2525 Meam
821 2481 920 2544 usqne
934 2461 976 2525 ed
989 2481 1076 2525 mere
1089 2462 1234 2526 unanimi
1253 2462 1418 2528 voluntate
1438 2461 1574 2526 eundem

187 2594 326 2658 rivulum
346 2592 590 2657 descendentem
610 2613 667 2676 per
686 2593 825 2657 medium
845 2593 987 2674 ejusdem
1007 2613 1094 2659 mora
1114 2593 1260 2678 usquein
1273 2614 1361 2659 mars
1382 2599 1477 2659 linem
1496 2611 1571 2658 oon·

189 2726 364 2789 stituimus.
406 2723 494 2802 Quos
513 2723 640 2807 quidem
659 2725 740 2788 fines
760 2731 793 2788 et
814 2725 922 2789 omniu
939 2724 1083 2806 predicta
1109 2727 1313 2807 perhenniter
1341 2727 1496 2790 duratura
1514 2746 1573 2808 pro

190 2879 245 2922 me
265 2865 299 2922 et
319 2855 487 2920 heredibus
507 2856 586 2918 meis
606 2855 759 2919 oonlirmo
778 2874 835 2937 per
855 2855 949 2937 sigilli
968 2856 1031 2919 mei
1051 2855 1300 2938 impressionem.
1341 2857 1416 2920 Hiis
1435 2856 1572 2920 testibus
1644 2938 1646 2942 Ι

191 2991 348 3052 Nronnuo
367 2986 407 3050 de
428 2987 651 3050 Mammam
671 2987 826 3052 Haemoo
846 2987 943 3050 fratre
974 2986 1099 3050 comitis
1127 2987 1285 3050 Rmrmo
1303 2986 1344 3050 de
1364 2987 1398 3052 la
1417 2987 1517 3050 Mam
1538 2994 1571 3051 et
1674 2973 1677 2982 ’

183 3120 300 3184 multis
320 3117 400 3182 aliis.

228 3253 298 3316 Nos
318 3258 426 3315 autem
447 3251 488 3314 ad
508 3251 661 3313 honorem
682 3249 743 3314 Dei
763 3254 796 3312 et
815 3249 1069 3331 eoolesieaopro
1089 3248 1193 3311 salmo
1213 3247 1318 3311 anime
1338 3253 1492 3312 nostrast
1512 3266 1571 3330 pro

185 3383 357 3449 animabus
376 3382 518 3445 omnium
538 3388 774 3445 antecessorum
794 3380 947 3444 heredum
966 3387 1000 3444 et
1021 3398 1237 3444 suooessornm
1257 3387 1440 3444 nostrorum
1460 3399 1571 3444 omnes

183 3523 220 3581 et
234 3515 377 3596 singulas
396 3513 588 3577 donaciones
608 3513 828 3576 oonoessiones
841 3519 874 3574 et
887 3511 1148 3576 ooufirmaoiones
1167 3511 1326 3592 predictas
1346 3529 1471 3575 naonon
1492 3528 1565 3574 oon·

184 3648 348 3712 cessiones
370 3653 404 3709 et
417 3645 676 3709 oonlirmaaiones
696 3663 898 3727 quascunque
918 3663 998 3727 quae
1018 3645 1133 3708 Wmts
1145 3643 1185 3707 de
1198 3643 1342 3707 Bnnwns
1363 3661 1442 3706 avus
1462 3649 1572 3705 noster

187 3781 313 3845 dudum
332 3778 478 3842 dominus
498 3778 657 3842 uownem
677 3795 734 3856 per
747 3781 870 3838 cartam
889 3793 981 3838 suem
1000 3773 1199 3855 magnamde
1210 3772 1410 3837 libertatibus
1430 3771 1574 3855 ejusdem

185 3911 293 3994 patrie
312 3909 385 3973 leoit
406 3907 574 3972 abbatibus
593 3907 749 3989 prioribus
769 3906 982 3988 hospitalariis
1002 3905 1178 3987 templariis
1205 3903 1360 3968 militibus
1380 3899 1477 3965 libere
1498 3907 1567 3964 ten-

186 4041 319 4106 enubus
346 4045 380 4102 et
408 4059 517 4102 eorum
548 4038 730 4104 tenentibus
759 4057 797 4102 eo
827 4057 936 4101 eornm
969 4036 1150 4101 hominibus
1183 4042 1251 4098 tam
1285 4035 1442 4098 Asamum
1471 4051 1568 4116 quem

183 4172 407 4236 wmnssmus
420 4169 503 4233 inira
514 4169 711 4249 preoinetum
730 4168 900 4233 semitatus
921 4167 1102 4231 maneum
1123 4165 1256 4232 souma
1276 4163 1495 4228 habitantibus
1509 4185 1566 4230 sen

184 4309 306 4366 terram
320 4300 512 4364 tenentibus.
554 4299 757 4364 Donaoiones
777 4299 906 4380 insuper
925 4297 1144 4362 eonoessiones
1157 4301 1190 4359 et
1204 4293 1464 4358 aonlirmaoiones
1484 4313 1564 4378 quus

185 4429 304 4512 singuli
325 4435 540 4492 antecessores
559 4428 661 4492 nostri
690 4427 833 4492 leserunt
851 4446 909 4508 per
927 4433 1033 4492 oartas
1053 4445 1128 4490 suas
1147 4425 1278 4507 prelatis
1307 4425 1473 4489 monaobis
1498 4432 1568 4491 tam

185 4560 367 4642 specialiter
386 4557 505 4623 eisdem
525 4576 620 4640 quam
640 4557 828 4639 generaliter
846 4575 921 4620 oum
940 4555 1090 4620 sumitate
1112 4555 1289 4621 Genusum
1319 4555 1513 4624 donaoiones
1532 4564 1566 4624 et

186 4691 411 4757 eoncessiones
429 4696 463 4756 et
483 4688 741 4754 sentimaoionss
761 4707 872 4754 omnes
892 4695 925 4752 et
945 4687 1086 4770 singulas
1106 4705 1186 4771 quas
1206 4687 1296 4752 lrberi
1316 4694 1463 4754 tenentes
1483 4688 1566 4753 inira
