3974 5500
1508 707 1546 769 57

219 1004 332 1070 ibidem
353 1005 429 1070 Deo
449 1005 657 1073 servientibus
675 1007 780 1074 locum
798 1007 853 1074 ubi
866 1007 1032 1074 castellum
1051 1007 1191 1075 Brcmr
1210 1007 1250 1072 dc
1265 1007 1474 1072 <tumtunm
1495 1027 1591 1090 quon-

221 1135 293 1199 dum
312 1137 376 1199 fuit
396 1157 472 1200 cum
492 1137 637 1204 omuibus
656 1140 856 1222 pertinentiis
876 1141 952 1216 suis,
974 1147 1007 1205 et
1027 1147 1130 1205 totum
1158 1147 1277 1205 terrum
1307 1161 1402 1222 quum
1432 1143 1516 1206 idem
1537 1145 1602 1210 an

221 1283 348 1330 cunnus
368 1266 482 1330 hebuit
501 1267 585 1332 inter
604 1269 726 1334 rum
746 1276 779 1334 et
799 1271 908 1346 Nutu,
929 1270 964 1333 in
982 1270 1078 1336 bosco
1098 1275 1131 1335 et
1151 1271 1246 1353 pleno
1266 1289 1339 1334 cum
1358 1271 1503 1336 omnibus
1522 1293 1590 1354 per·

223 1397 367 1460 tinentiis
388 1397 469 1472 euim
496 1397 644 1464 habende.
662 1407 695 1464 et
716 1399 855 1466 tenende
873 1400 908 1464 in
927 1401 1059 1466 liberum
1088 1419 1200 1483 purum
1219 1407 1253 1465 ct
1272 1409 1458 1483 perpetuom
1478 1403 1590 1466 clemo-

192 1501 199 1522 ⁶
222 1499 336 1602 uuum,
359 1527 467 1609 quiete
486 1527 528 1591 eb
547 1529 633 1592 omui
653 1528 784 1594 servicio
804 1529 885 1595 sicut
905 1529 1065 1612 predictus
1078 1530 1245 1594 R10snnus
1264 1549 1304 1594 ee
1320 1530 1383 1594 illis
1396 1531 1483 1612 prius
1503 1531 1591 1594 dedit

223 1665 255 1720 et
286 1665 377 1722 certe
409 1677 468 1722 sus
498 1659 704 1724 confirmavit.
753 1659 855 1724 Suivie
885 1660 1076 1724 tenementis
1105 1659 1307 1740 burgensium
1337 1667 1516 1727 nostrorum
1546 1661 1586 1724 dc

224 1789 331 1852 Nuus.
374 1789 427 1852 ite
446 1789 529 1871 quod
548 1789 681 1870 predicti
704 1788 853 1856 monachi
873 1809 928 1854 eos
958 1789 1027 1854 siue
1056 1788 1173 1870 iudicio
1203 1807 1348 1854 emovere
1369 1809 1433 1852 non
1453 1792 1587 1872 possint,

225 1919 279 1982 sed
298 1925 425 1982 tuntum
437 1919 619 2001 homagium
631 1927 664 1982 et
677 1919 835 1984 redditum
854 1919 980 1983 iliorum
999 1917 1148 1983 roboant.
1192 1919 1294 1985 Salvis
1314 1920 1412 1984 etium
1431 1926 1590 1986 tenemen-

225 2050 265 2112 tis
285 2009 492 2114 Wsnursiuu
512 2057 692 2114 nostrorum
711 2049 751 2112 de
776 2048 920 2130 predicte
948 2055 1042 2114 terre.
1085 2049 1140 2112 Ite
1168 2049 1252 2131 quod
1270 2049 1348 2112 dicti
1367 2052 1517 2116 monachi
1536 2072 1591 2118 eos

223 2182 290 2244 sine
309 2181 427 2262 judicio
447 2199 591 2245 emovere
611 2198 676 2244 nou
695 2179 819 2260 possint
845 2177 901 2243 sed
930 2184 1058 2244 tuntum
1087 2179 1269 2260 homagium
1287 2186 1322 2244 et
1342 2179 1500 2246 redditum
1519 2182 1587 2247 illo·

221 2329 290 2374 rum
309 2310 460 2384 habeant.
482 2317 515 2373 et
535 2329 593 2374 nos
613 2309 787 2373 hcbeumus
808 2307 974 2373 servicium
993 2306 1076 2390 quod
1096 2307 1188 2372 nobis
1212 2307 1338 2373 debent.
1380 2309 1485 2388 Quoto
1504 2277 1590 2376 volo.

219 2463 302 2516 mus,
325 2450 386 2506 etc.
428 2443 550 2506 Detum
569 2461 626 2523 per
644 2460 776 2504 menum
796 2440 852 2504 W:
874 2439 914 2502 dc
935 2440 1028 2503 Gnnr
1048 2439 1227 2505 cancellarii
1251 2441 1363 2520 nostri,
1385 2442 1470 2524 epud
1490 2443 1589 2508 wm-

219 2591 352 2649 serocu,
374 2591 417 2636 xv
435 2573 488 2637 die
508 2571 651 2654 Augusti,
673 2590 758 2636 cuno
778 2569 867 2651 regni
888 2570 989 2636 nostri
1013 2587 1056 2634 nr.

835 2793 987 2856 LXXXI.

378 2923 526 2987 BREVE
557 2922 688 2990 REGIS
719 2923 779 2986 DE
808 2923 998 2987 BALLIVO
1027 2923 1088 2986 DE
1114 2921 1428 2989 GLANMORGAN.

739 3055 840 3135 [Rorz
862 3054 985 3122 onos:
1007 3055 1109 3132 192]
1460 3053 1549 3120 1207.

258 3185 326 3249 Rex
346 3185 516 3250 baronibus
535 3192 596 3249 etc.
639 3184 828 3265 Gompntute
848 3185 1011 3246 Funussm
1031 3183 1148 3247 bullivo
1168 3189 1277 3247 nostro
1297 3183 1337 3248 de
1358 3183 1586 3249 Gusrrronosr
1669 3203 1674 3214 ·

220 3315 251 3376 id
271 3319 357 3397 quod
375 3315 480 3395 posuit
500 3335 557 3395 per
577 3315 680 3378 visum
701 3322 734 3377 ct
754 3309 971 3376 testimouium
991 3313 1139 3394 legulium
1159 3313 1323 3400 hominum
1353 3315 1387 3378 in
1413 3315 1588 3379 emendeci·

221 3465 279 3506 one
299 3445 499 3507 castellorum
519 3450 699 3506 nostrorum
719 3443 758 3505 de
779 3443 1005 3506 Gnrrnonusrr
1025 3461 1081 3522 per
1100 3449 1283 3524 preceptum
1303 3451 1457 3508 nostrum.
1494 3446 1588 3509 Teste

221 3579 357 3658 meipso
377 3574 461 3657 opud
481 3575 637 3638 Bnrwrou
658 3591 713 3634 xnr
733 3571 784 3634 die
806 3571 1012 3635 Summum
1033 3590 1117 3635 enno
1137 3571 1225 3654 regui
1245 3574 1347 3639 nostri
1367 3593 1410 3638 rx.

813 3755 982 3819 Lxxxn.

617 3885 763 3952 BREVE
785 3885 916 3950 REGIS
937 3885 998 3948 DE
1018 3885 1184 3951 EODEM.

788 4015 894 4095 [Inmz
916 4016 1021 4095 192]
1454 4017 1542 4082 1207.

256 4153 323 4215 Rex
343 4151 514 4214 baronibus
534 4157 595 4212 etc.
638 4147 828 4230 computate
848 4147 1012 4210 nmmo
1032 4145 1147 4209 ballivo
1167 4155 1277 4210 nostro
1297 4146 1337 4209 de
1358 4145 1583 4212 (turrinorum

219 4241 346 4362 triginta
365 4280 459 4342 libros
479 4285 512 4342 et
532 4277 678 4341 undecim
699 4275 816 4338 solidos
836 4280 869 4338 et
889 4273 979 4338 vmd
999 4293 1057 4356 pro
1074 4273 1314 4338 liberationibus
1334 4274 1445 4355 viginti
1464 4277 1586 4341 dicrum

218 4429 295 4492 ques
315 4409 391 4472 fecit
411 4407 618 4472 servientibus
638 4405 755 4468 uostris
775 4423 847 4468 cum
868 4423 905 4468 eo
925 4402 1120 4468 morantibus
1140 4423 1197 4484 per
1220 4413 1403 4487 preceptum
1428 4415 1584 4472 nostrum.

219 4541 309 4604 Teste
329 4540 471 4622 meipso
500 4535 617 4620 [apud]
651 4535 807 4600 Bnrwuos
836 4551 879 4596 xx
907 4532 956 4596 die
988 4531 1204 4621 Surrentinus,
1247 4534 1307 4600 Per
1338 4535 1393 4602 W:
1416 4535 1455 4601 de
1476 4545 1585 4602 sancto

220 4671 402 4736 namuco.
