3986 5502
1517 697 1575 762 103

254 997 425 1064 anon
455 995 555 1062 oritur
581 1014 637 1080 per
667 1013 782 1082 squam
801 996 840 1062 de
860 997 1032 1063 Wnrnnon
1061 996 1220 1062 tendendo
1253 997 1405 1082 usquein
1425 995 1614 1064 fluviumde

254 1129 350 1192 Neue
381 1147 493 1194 versus
526 1129 779 1210 septentrionem,
808 1135 840 1192 st
870 1149 926 1210 per
953 1127 1083 1192 fluvium
1116 1127 1155 1193 de
1186 1129 1284 1192 Nuus
1301 1099 1473 1194 ¹tendendo
1505 1146 1615 1196 versus

255 1259 407 1324 orientem
426 1277 525 1340 nsque
546 1257 587 1321 sd
606 1259 785 1322 Rnnnvnrn
806 1265 839 1321 et
859 1278 880 1322 s
898 1259 949 1322 Ru
953 1304 1028 1323 ......
1029 1276 1128 1341 usque
1142 1257 1183 1322 sd
1197 1257 1277 1322 fines
1296 1258 1465 1322 Beronum
1486 1267 1519 1322 et
1538 1258 1613 1324 inde

256 1405 362 1452 versus
383 1396 528 1454 sustrum
548 1387 706 1452 tendendo
734 1409 832 1470 usqne
852 1388 894 1452 sd
913 1389 1047 1454 rivulum
1077 1390 1187 1454 Omns
1207 1396 1240 1454 et
1259 1409 1316 1471 per
1342 1389 1477 1455 rivulum
1504 1390 1615 1456 cmm

256 1536 352 1599 usque
377 1517 420 1582 sd
450 1517 606 1580 Asmnsn
635 1523 668 1581 st
698 1517 739 1581 sb
765 1517 921 1580 Asnnnnu
947 1518 1064 1583 dirsote
1092 1537 1201 1583 verene
1230 1519 1425 1584 ooeidentsm
1455 1539 1553 1603 nsque
1573 1521 1615 1584 sd

256 1649 455 1713 Pnunnnnsn
474 1654 507 1710 et
528 1669 548 1711 s
567 1649 767 1710 Punnnnnnn
790 1667 888 1730 usqne
909 1647 950 1712 sd
969 1649 1076 1712 uilium
1095 1649 1223 1726 montis,
1244 1656 1277 1714 et
1296 1669 1353 1731 per
1372 1649 1478 1714 oilium
1497 1650 1615 1714 montis

255 1780 371 1844 dirsote
400 1779 558 1842 tondendo
587 1799 696 1842 versus
725 1779 922 1843 occidentem
950 1799 1050 1862 nsque
1070 1779 1111 1843 sd
1130 1779 1304 1862 prediotsm
1329 1800 1478 1860 msgnsm
1497 1781 1613 1862 polum.

256 1911 315 1988 Qui
334 1909 412 1992 quid
431 1909 514 1973 infru
533 1910 592 1972 hos
612 1909 763 1972 terminos
783 1910 962 1973 continetur
980 1910 1073 1974 dietis
1094 1909 1200 1974 sbbsti
1220 1916 1253 1974 et
1273 1911 1443 1974 conventui
1462 1909 1502 1974 de
1522 1911 1612 1976 Mm-

256 2057 317 2104 snn
337 2040 373 2102 in
393 2057 591 2104 communem
610 2047 774 2121 psstursm
798 2040 1046 2121 adjudicavimus
1073 2041 1212 2123 exeeptis
1230 2041 1388 2106 mensium·
1408 2049 1441 2107 et
1460 2041 1555 2106 boeoo
1575 2043 1615 2108 de

256 2169 454 2232 Bononorun
482 2179 515 2230 et
544 2175 672 2230 eentum
702 2168 783 2232 soris
810 2168 911 2231 eidem
940 2169 1097 2232 mansioni
1130 2171 1284 2252 contiguis
1303 2171 1338 2235 in
1358 2173 1427 2236 loeo
1447 2172 1614 2236 dnmtsrst

255 2299 362 2364 sbbsti
382 2304 415 2362 st
435 2297 603 2360 conventui
622 2297 661 2359 de
682 2297 824 2360 Murem
852 2297 957 2360 minus
985 2297 1120 2374 nocenti,
1142 2307 1175 2362 st
1195 2299 1289 2364 unios
1316 2319 1389 2363 oum
1414 2305 1509 2365 domo
1529 2301 1614 2382 opud

255 2429 527 2494 serumserum
546 2428 579 2490 in
593 2447 656 2510 qus
675 2429 780 2490 nuilus
799 2435 927 2491 mnnest
947 2428 1109 2510 religiosus
1128 2448 1186 2492 neo
1206 2429 1312 2512 sliqus
1331 2430 1374 2494 ibi
1394 2438 1526 2513 excepte
1545 2437 1615 2496 tsn-

256 2569 322 2626 tnm
341 2561 441 2624 trium
454 2578 597 2622 sorsrum
616 2558 804 2640 quontitate,
818 2559 902 2623 eires
922 2559 1055 2623 eandem
1074 2558 1203 2624 domum
1227 2561 1284 2624 fist
1308 2563 1462 2626 clausuro.
1503 2562 1610 2626 Tertio

256 2691 338 2773 qnod
367 2709 458 2771 sepes
478 2689 600 2752 fosseta
618 2688 761 2751 olsusure
782 2694 815 2751 et
837 2688 900 2751 slis
919 2687 1056 2770 quehiret
1077 2689 1200 2754 edifioin
1219 2708 1275 2772 per
1294 2693 1379 2772 ipsos
1398 2691 1438 2755 ds
1458 2691 1616 2758 Knnnmn

255 2829 437 2888 oonstruots
455 2827 560 2902 preter
578 2819 798 2901 prenominato
816 2821 943 2900 penitus
963 2825 1177 2883 amoveantur.
1219 2821 1338 2899 Qusrto
1351 2827 1384 2886 et
1398 2821 1509 2884 ultimo
1530 2821 1615 2903 qnod

255 2951 414 3033 sinliquis
433 2947 607 3012 monachus
625 2948 676 3011 vel
695 2965 863 3012 eonversus
882 2946 1038 3012 diotornm
1067 2949 1231 3012 domorum
1251 2957 1362 3016 conns
1380 2951 1464 3014 hene
1485 2957 1611 3016 senten·

256 3081 334 3146 oism
366 3079 472 3144 venire
501 3077 724 3192 presumpeprit
755 3077 824 3141 sins
854 3077 939 3140 omni
968 3078 1172 3142 exoussoione
1192 3085 1225 3142 et
1244 3079 1398 3144 dilsoions
1425 3081 1615 3146 suetoritste

256 3211 372 3274 ordinis
392 3231 414 3274 s
433 3209 526 3273 domo
545 3209 670 3292 propris
688 3209 815 3290 penitus
843 3209 1024 3275 emittetur:
1053 3231 1119 3274 non
1148 3230 1327 3276 reversurus
1346 3211 1408 3274 nisi
1427 3211 1616 3278 detinentis

256 3340 384 3422 espituli
405 3339 568 3421 generalis.
609 3339 653 3402 Et
673 3345 709 3402 ut
729 3339 788 3402 heo
808 3339 971 3404 sentencia
990 3339 1155 3404 diffinitive
1174 3341 1333 3404 firmitatis
1358 3340 1453 3404 robur
1472 3341 1615 3423 optinent

255 3471 483 3554 imperpetuum
502 3488 645 3534 nossem
658 3470 692 3534 in
705 3470 823 3552 scripto
842 3471 1003 3548 redsotsm
1022 3471 1193 3552 sigillorum
1211 3478 1392 3536 nostrorum
1411 3471 1617 3553 impressione

255 3601 478 3668 roborsvimns.
519 3599 694 3664 Antediotis
721 3620 795 3664 vero
820 3601 975 3681 judicibus
1005 3601 1176 3666 committit
1204 3603 1319 3666 iterato
1346 3601 1520 3685 ospitulnm
1540 3619 1614 3681 gen·

256 3733 338 3796 ersis
366 3729 485 3794 eisdem
514 3729 645 3792 firmiter
672 3729 864 3810 injungendo
884 3735 920 3794 ut
940 3730 1022 3794 dont
1041 3731 1076 3793 in
1095 3730 1181 3795 diets
1208 3749 1306 3795 osnes
1333 3749 1426 3813 super
1450 3727 1616 3812 prinoipsli

255 3860 710 3942 lsudsbiliterprooeseerunt:
726 3857 773 3923 its
785 3878 879 3941 super
892 3861 1073 3924 socessoriis
1092 3859 1237 3925 videlicet
1251 3879 1344 3942 snper
1364 3853 1509 3942 expensis
1521 3858 1616 3922 {sotis

256 3996 286 4056 et
305 3988 454 4071 dempnie
481 3987 579 4054 illotis
608 3987 718 4052 domni
747 3989 787 4053 de
816 3989 958 4054 Merene
986 3989 1128 4072 ejusdem
1162 3989 1359 4055 auctoritatis
1379 3987 1509 4071 capituli
1537 3986 1616 4068 iuris

255 4121 361 4185 ordine
390 4119 556 4183 observato
588 4119 760 4201 procedent
785 4125 879 4201 prout
906 4119 1000 4184 fuerit
1028 4120 1259 4203 procedendum
1288 4119 1440 4183 incientes
1460 4117 1543 4199 quod
1562 4117 1615 4186 de·

256 4249 444 4316 orstsverint
456 4269 514 4331 per
525 4267 690 4313 osnsursm
702 4247 820 4312 ordinis
833 4249 1076 4332 menagibffiter
1089 4247 1256 4314 observo-i.
1285 4246 1377 4325 Quod
1391 4246 1418 4312 si
1431 4265 1540 4312 omnes
1553 4247 1616 4312 hiis

255 4375 443 4462 exequendis
455 4377 608 4442 interesse
620 4395 685 4441 non
710 4382 876 4460 poterunt:
891 4375 954 4442 duo
966 4397 1003 4442 es
1015 4376 1236 4442 nichilominus
1255 4375 1389 4442 fideliter
1409 4383 1614 4462 exequentur.

258 4509 377 4576 Dstnm
399 4507 476 4574 Gist'
497 4527 582 4574 snno
601 4507 721 4576 domini
739 4508 905 4593 m⁰oo⁰l⁰iij⁰
924 4515 1065 4594 tempore
1084 4507 1215 4594 ospitnli
1234 4507 1399 4595 genesiis
