3956 5488
1500 705 1572 774 m.

225 1007 459 1094 quouipsius
485 1007 699 1075 momentote
726 1008 1229 1093 muletetudileotootlldeli
1258 1017 1370 1079 metro
1400 1011 1609 1083 Wmnmnro.

227 1141 265 1208 le
281 1143 418 1208 &uon
437 1143 567 1208 domo
585 1143 626 1208 de
647 1143 853 1208 (lunonem
871 1143 962 1209 vobis
981 1144 1084 1209 tribue
1102 1143 1155 1210 rel
1166 1143 1297 1210 ¹(luobus
1317 1151 1459 1212 vestrum
1471 1153 1521 1212 tot
1532 1155 1596 1214 eto.

225 1275 350 1358 legulos
364 1275 510 1340 homines
528 1295 586 1358 per
605 1293 686 1359 quos
705 1282 767 1340 uto.
787 1280 821 1339 et
840 1274 966 1357 inquiri.
1008 1275 1162 1362 Iuoujue
1182 1282 1244 1340 eto.

266 1407 468 1491 lleetsBege
488 1407 573 1491 opud
593 1407 767 1473 Wrmnen
788 1407 905 1472 benute
924 1407 1034 1472 Omnia
1053 1410 1128 1492 xxvj
1149 1407 1203 1472 die
1220 1406 1373 1473 lunarii

576 1512 579 1516 ’
673 1539 736 1604 eo·
753 1539 945 1623 pauorem
963 1538 1011 1602 ηο.
1023 1537 1165 1604 ωηο

845 1921 989 1988 oum.

399 2053 549 2120 mvn
570 2051 702 2118 unum
722 2049 783 2114 Dll
804 2049 1179 2118 orrumssmmus
1198 2049 1249 2116 m
1270 2051 1441 2118 Gownn.

446 2181 1084 2268 [Boo:1>es:tuo.111.e·1.n.uu
1103 2186 1229 2264 nom]
1308 2185 1349 2249 28
1369 2185 1449 2250 len:
1472 2187 1561 2252 13³1.

266 2345 319 2408 De
354 2341 511 2407 audiendo
537 2347 571 2405 et
602 2347 663 2404 ter·
750 2341 818 2404 Rex
838 2339 961 2404 dilectis
980 2346 1015 2404 et
1035 2339 1180 2405 fidelibus
1200 2340 1266 2406 suis
1286 2341 1454 2407 (imnum
1473 2344 1604 2410 raneos

225 2475 380 2538 minando
400 2473 440 2538 de
460 2473 591 2538 diversis
611 2491 664 2555 op·
711 2472 892 2536 Renumno
925 2472 1061 2537 Gnoron
1094 2471 1238 2536 Jomrnu
1273 2472 1359 2537 Iron
1389 2479 1423 2536 et
1456 2474 1605 2540 monne

225 2603 443 2688 pressionibus
463 2603 557 2668 luetis
576 2605 662 2669 hom·
709 2604 843 2667 Pnnum
863 2603 1008 2668 sulutem.
1051 2603 1165 2668 Solous
1185 2603 1269 2686 quod
1288 2624 1362 2669 oum
1382 2606 1604 2670 Wmnmnuue

226 2735 335 2801 inibus
354 2743 437 2800 terre
451 2735 491 2800 de
512 2736 644 2800 Gownn
710 2735 750 2800 de
770 2735 932 2800 Beneuen
957 2754 1059 2818 nuper
1082 2734 1230 2799 dominus
1249 2735 1290 2800 de
1309 2741 1395 2800 terro
1419 2735 1460 2800 de
1481 2737 1607 2802 Gownn

224 2898 282 2962 per
304 2889 427 2946 osrtem
447 2901 538 2946 suum
557 2901 615 2964 pro
635 2903 670 2948 se
690 2892 724 2948 et
749 2884 916 2949 heredibus
945 2885 1010 2948 suis
1030 2890 1063 2949 et
1083 2885 1150 2948 suis
1176 2883 1346 2966 resignetis
1375 2883 1522 2948 omnibus
1550 2883 1604 2948 ub-

225 3013 358 3076 batibus
391 3012 546 3093 prioribus
580 3013 793 3096 hospitalariis
828 3014 1003 3096 templariis
1037 3013 1190 3078 militibus
1220 3011 1317 3078 bbere
1350 3012 1534 3078 tenentibus
1570 3019 1604 3078 et

217 3163 334 3208 sorum
354 3143 536 3208 tenentibus
563 3151 632 3208 tum
661 3147 817 3210 Anemore
846 3165 943 3228 quum
962 3145 1183 3210 Wmureieue
1202 3143 1285 3208 infru
1303 3145 1500 3226 procinctum
1519 3164 1603 3211 uom-

219 3277 325 3341 itstue
357 3277 547 3340 Αηηηηηηηη
572 3277 729 3340 nomm
753 3275 1005 3340 inhabitantibus
1028 3295 1085 3340 eeu
1109 3241 1226 3340 terrum
1251 3276 1433 3341 tenentibus
1461 3277 1603 3342 diversus

221 3407 391 3472 hbertotee
411 3407 584 3471 tenendum
603 3414 637 3472 et
656 3407 837 3472 habendum
857 3406 917 3471 eibi
936 3413 969 3471 et
994 3408 1228 3472 moesesoribus
1256 3407 1322 3472 uuis
1352 3425 1409 3470 eeu
1436 3407 1605 3472 heredibus

143 3563 147 3576 ·
219 3545 256 3604 et
278 3538 451 3619 assignetis
472 3539 537 3602 suis
556 3539 788 3622 imperpetuum
807 3539 917 3603 volens
935 3537 1064 3620 insuper
1083 3545 1116 3602 et
1135 3536 1313 3601 eoncedene
1332 3557 1390 3619 pro
1404 3555 1439 3600 ue
1458 3543 1492 3600 et
1512 3536 1602 3599 here·

222 3669 322 3736 dibus
335 3677 369 3733 et
382 3671 552 3752 assignetis
572 3670 638 3733 suis
658 3669 743 3752 quod
761 3669 1022 3752 quandocumque
1034 3669 1102 3751 ipse
1115 3669 1165 3734 vel
1178 3669 1310 3734 heredes
1323 3669 1372 3732 sui
1385 3668 1436 3733 vel
1449 3667 1603 3749 eseiguuti

216 3801 364 3884 aliquem
383 3800 552 3863 urtioulum
570 3799 711 3882 ipserum
731 3800 914 3864 libertatum
933 3819 1130 3883 quecumque
1149 3807 1218 3864 erte
1230 3800 1282 3864 vel
1301 3799 1428 3880 iugenio
1446 3797 1601 3862 violarent

218 3938 340 3996 oontre
352 3929 454 3994 dietus
466 3931 685 3995 eoncessiones
697 3937 731 3992 et
744 3929 907 3994 libertates
920 3936 977 3994 eut
989 3929 1235 3995 eonsuetudines
1248 3948 1304 3993 esu
1317 3929 1443 3993 illerum
1462 3928 1602 4010 eliquen

214 4059 253 4124 in
274 4077 475 4142 qnouumque
496 4059 630 4125 urtioulo
650 4066 769 4123 temere
788 4058 944 4140 ueniendo
964 4059 1093 4125 domiuo
1113 4059 1191 4140 Regi
1211 4059 1339 4123 Δηηηηη
1358 4057 1392 4121 iu
1417 4058 1598 4140 quingentis

211 4193 307 4258 libris
329 4191 453 4272 urgenti
471 4191 601 4254 nomine
621 4189 692 4272 puri
715 4189 814 4254 debiti
834 4209 893 4254 neo
912 4209 978 4254 non
998 4189 1050 4255 oui
1069 4189 1121 4254 vel
1141 4188 1255 4273 quibus
1273 4208 1314 4253 ex
1333 4186 1512 4252 hominibus
1531 4208 1600 4272 pre·

211 4323 315 4386 dietis
338 4327 395 4384 eut
413 4319 583 4385 heredibus
603 4338 713 4384 eorum
732 4319 920 4403 injurietum
939 4320 1020 4384 foret
1040 4325 1153 4384 uentre
1172 4317 1257 4383 diute
1286 4323 1374 4382 uurtu
1403 4323 1546 4384 tenorem
1565 4321 1600 4385 in

210 4455 294 4522 ahie
303 4449 489 4534 quingentis
508 4447 596 4514 libris
608 4448 732 4531 urgenti
751 4447 880 4512 nomine
899 4447 970 4531 puri
988 4446 1088 4512 debiti
1106 4445 1266 4513 solvendis
1285 4466 1352 4513 une
1363 4467 1436 4512 oum
1455 4448 1603 4534 dumpnit

211 4582 279 4650 sibi
300 4577 524 4666 adjudioendis
543 4577 718 4643 seeundum
736 4579 877 4661 proeium
905 4579 1032 4644 illerum
1050 4577 1316 4644 eonsuetudinum
1334 4577 1418 4644 inire
1437 4579 1602 4647 dimidium

209 4731 347 4782 nuum
370 4729 393 4776 s
418 4715 561 4792 tenpore
591 4709 850 4793 umspsuoots
879 4710 1047 4778 uomuisse
1075 4711 1358 4797 quouieneeumque
1386 4712 1525 4781 boeuent
1552 4713 1602 4780 vel
