3956 5488
1439 801 1499 865 305

165 1125 222 1190 pro
242 1107 333 1170 nobis
354 1095 640 1174 cc‘euccceecribue
661 1109 779 1174 nostris
799 1108 883 1193 qnod
902 1109 970 1194 ipso
990 1114 1023 1172 et
1043 1107 1160 1172 Εηηηη
1179 1122 1309 1204 consors
1329 1107 1400 1190 ejus
1420 1111 1453 1169 ct
1473 1123 1538 1168 om·

164 1257 221 1302 use
240 1236 331 1300 liberi
350 1256 460 1302 eorum
472 1237 618 1304 decctsro
631 1239 711 1304 fient
729 1240 900 1324 participes
918 1239 1061 1305 omnium
1080 1239 1234 1304 bonorum
1254 1235 1464 1324 spirituclium
1477 1253 1538 1318 qne

162 1368 242 1433 dent
261 1369 297 1432 in
315 1370 508 1435 monasterio
529 1377 639 1436 nostro
657 1371 799 1455 predicto
819 1373 1049 1455 inperpetuum.
1090 1371 1240 1436 Pretcrce
1259 1367 1461 1438 concedimus
1480 1385 1539 1450 pro

163 1497 256 1563 nobie
275 1507 309 1564 st
328 1501 562 1566 successoribus
581 1503 699 1566 nostris
718 1503 821 1568 eidem
840 1503 967 1594 domiuo
987 1503 1156 1566 Euwssuc
1175 1500 1260 1584 quod
1288 1500 1540 1566 anniversarium

164 1631 264 1712 ipsius
284 1639 358 1712 poet
378 1631 544 1696 decessum
563 1653 657 1698 suum
676 1635 733 1699 fiet
753 1634 787 1698 iu
806 1633 1002 1700 monesterio
1033 1638 1143 1695 noetm
1164 1631 1204 1694 de
1224 1631 1323 1694 Neue
1335 1629 1383 1694 'ds
1404 1649 1489 1694 enno
1508 1630 1542 1692 in

162 1781 284 1825 snnmn
303 1762 354 1825 die
375 1763 479 1827 obitus
500 1765 549 1827 sui
568 1765 619 1828 vel
638 1765 781 1848 proximo
799 1765 852 1829 die
871 1772 1022 1848 sequente
1042 1784 1104 1849 quo
1124 1763 1319 1828 commodine
1337 1761 1406 1827 fieri
1425 1761 1541 1844 poterit

164 1893 235 1955 sins
253 1892 374 1956 ordinis
394 1894 496 1956 nostri
516 1893 688 1960 offensione
708 1896 789 1961 edeo
809 1896 1014 1979 solempniter
1033 1903 1066 1960 et
1087 1895 1199 1960 devote
1220 1896 1303 1960 sicut
1331 1892 1539 1958 suniverssri·

164 2042 219 2087 um
238 2024 373 2104 elicujus
393 2024 518 2088 sbbctis
537 2024 651 2090 domus
670 2024 810 2107 predicte
829 2045 886 2108 per
906 2045 966 2090 noe
985 2025 1054 2090 fieri
1074 2025 1196 2090 solebat
1217 2023 1391 2089 secundum
1419 2023 1539 2086 ordinis

166 2153 438 2218 constitutionem.
480 2153 528 2216 Ad
548 2153 631 2237 quod
651 2155 778 2236 quidem
797 2155 1047 2220 anniversarium
1066 2154 1106 2219 de
1126 2173 1211 2220 ωηο
1224 2155 1259 2218 ἰη
1273 2171 1393 2219 sunum
1413 2159 1450 2216 nt
1470 2171 1539 2234 pre·

164 2284 302 2348 mittitur
320 2285 456 2348 fideliter
474 2283 654 2348 leniendum
673 2285 850 2366 obligemus
871 2303 931 2348 nos
950 2291 983 2348 et
1004 2303 1200 2350 successores
1229 2291 1357 2350 nostros
1385 2291 1487 2349 terres
1507 2291 1541 2348 et

168 2421 352 2479 tenemento
379 2415 465 2478 bons
492 2421 526 2478 et
554 2415 672 2480 entello
700 2422 811 2480 nostre
839 2415 1037 2480 districtione
1056 2421 1090 2479 et
1110 2415 1297 2480 cohercione
1327 2416 1542 2496 cujuscunque

162 2547 277 2630 judicis
298 2545 503 2610 ecclesiastici
523 2565 580 2610 ceu
600 2546 751 2610 secularis
771 2546 999 2629 inperpetuum.
1040 2547 1085 2610 Et
1099 2547 1126 2610 si
1140 2546 1305 2628 continget
1325 2561 1386 2610 uos
1398 2545 1450 2608 vel
1470 2563 1539 2607 suc·

164 2697 303 2742 cessores
323 2683 451 2740 nostros
464 2676 504 2740 de
517 2677 658 2758 predicto
678 2679 894 2743 anniversario
912 2678 952 2743 de
966 2699 1051 2744 ωηο
1064 2679 1098 2742 iu
1112 2697 1234 2743 sunum
1253 2677 1397 2742 iaciendo
1416 2695 1541 2742 cessero

164 2808 247 2891 quod
268 2807 351 2872 obsit
371 2807 515 2872 volumus
535 2813 569 2870 et
589 2807 790 2872 concedimus
809 2827 867 2890 pro
887 2807 980 2872 nobis
1000 2815 1032 2872 et
1046 2807 1281 2874 successoribus
1301 2807 1419 2872 nostris
1439 2805 1541 2871 teneri

92 2909 104 2952 '
163 2945 195 3002 ct
215 2937 348 3019 obligeri
372 2937 540 3000 heredibus
559 2937 637 3001 dicti
656 2938 778 3002 domini
800 2939 962 3004 Εηωηηη
982 2941 1016 3002 in
1037 2947 1167 3004 contum
1187 2939 1295 3004 solidis
1326 2937 1449 3021 crgcnti
1479 2957 1534 3000 no·

161 3072 247 3136 mins
265 3071 337 3153 puri
356 3070 455 3134 debiti
468 3078 501 3134 et
514 3071 547 3133 in
562 3071 633 3134 eliis
653 3078 782 3135 centum
802 3071 911 3136 solidis
931 3072 1059 3136 domino
1080 3072 1306 3136 Gusoreoecss
1326 3071 1381 3153 qui
1393 3089 1451 3152 pro
1464 3076 1544 3134 tem·

160 3223 235 3286 pore
263 3203 367 3266 inerit.
420 3202 611 3268 Solvendum
640 3203 759 3267 eisdem
786 3203 956 3268 heredibus
977 3211 1009 3268 et
1029 3205 1158 3268 domino
1188 3203 1270 3268 inire
1289 3221 1433 3266 mensem
1453 3201 1539 3283 epud

164 3335 320 3399 Ssscrurr
340 3335 504 3397 Dorsrurs
517 3341 687 3416 postquem
700 3335 929 3400 cessaverimus
943 3356 964 3399 s
976 3335 1190 3400 celebracione
1211 3333 1418 3398 enniverserii
1431 3351 1540 3415 supre-

160 3463 237 3528 dicti
256 3470 290 3526 et
310 3463 349 3526 de
370 3463 431 3526 hoc
454 3463 515 3527 rite
535 3465 671 3528 convicti
690 3465 845 3529 fuerimus
864 3484 971 3530 corum
993 3467 1099 3547 eliquo
1113 3466 1153 3529 de
1176 3465 1335 3550 judicibus
1354 3465 1540 3529 memoretis

157 3615 252 3678 quem
265 3593 361 3658 iidem
373 3595 505 3658 heredes
516 3595 567 3658 vel
580 3595 694 3678 uliquis
706 3615 815 3660 eorum
835 3596 949 3660 dixerit
963 3615 1020 3660 scu
1033 3595 1170 3660 dixerint
1184 3596 1326 3678 eligendo
1338 3571 1432 3680 cujus
1443 3595 1537 3680 jurie-

145 3725 291 3820 ¹dictioni
313 3725 469 3790 coercicni
492 3725 682 3789 districtioni
700 3725 916 3790 submittimus
936 3745 995 3789 nos
1015 3726 1049 3790 in
1069 3725 1131 3790 hec
1150 3732 1242 3808 perte
1262 3725 1324 3790 hec
1343 3726 1540 3808 obligatione

157 3858 265 3940 pcneli
278 3876 402 3940 semper
414 3849 486 3922 r'ctc
499 3864 659 3922 manente.
701 3859 743 3922 In
762 3861 854 3942 cujus
867 3858 912 3923 rei
925 3857 1143 3923 testimonium
1164 3859 1302 3940 sigillum
1315 3863 1459 3922 nostrum
1472 3875 1538 3920 une

160 4008 234 4053 cum
247 3988 350 4070 sigillo
363 3995 538 4053 conventus
558 3989 660 4052 nostri
672 3989 805 4071 predicti
824 3989 965 4072 presenti
979 3989 1097 4072 scripto
1111 3996 1186 4053 eunt
1200 4007 1351 4072 oppones.
1393 3987 1466 4052 Hiis
1480 3994 1543 4054 tes·

158 4121 244 4184 tibus
256 4119 384 4183 domino
399 4119 569 4184 Gmsesuo
583 4121 623 4184 de
637 4120 842 4185 Temnum
875 4119 1030 4184 Husmoo
1043 4120 1083 4185 de
1097 4121 1317 4186 Urrssssvmu
1347 4119 1485 4184 Βοοηηο
1498 4117 1538 4183 de

163 4253 365 4316 Bssnsouu
405 4251 558 4328 domes
572 4251 612 4316 de
626 4253 741 4315 Amne
781 4251 934 4316 Joussss
948 4251 988 4315 de
1001 4252 1180 4316 munros
1200 4251 1353 4316 militibus
1387 4251 1542 4316 Jousssu

160 4383 362 4448 leNosnnre
403 4383 669 4448 ldsrsclcSons
708 4382 1022 4448 Jousrrmdedssn
1061 4382 1216 4447 ioesssn
1236 4381 1542 4448 clericodehssru-

157 4531 276 4578 mnu
316 4512 470 4578 ionem
500 4513 530 4578 le
560 4513 666 4578 wm
727 4513 880 4578 Jcssruur
909 4513 950 4578 de
977 4514 1011 4577 lo
1029 4513 1145 4578 Βηοι
1193 4513 1347 4578 Jousrsn
1375 4513 1543 4580 Omnes

164 4643 319 4708 Hmroo
338 4643 513 4708 humore
532 4649 565 4708 ot
585 4643 666 4708 eliis.
708 4645 830 4710 Dstum
849 4643 934 4728 spud
954 4645 1182 4710 monesterium
1202 4651 1348 4710 cosmum
1366 4643 1544 4728 predictum

163 4774 313 4842 vicesimo
331 4773 384 4841 die
404 4775 523 4843 mensis
543 4775 708 4844 Oorossrs
737 4795 823 4844 ωηο
852 4775 973 4843 domiui
997 4777 1165 4845 millesimo
1193 4777 1416 4846 trecentesimo
1446 4775 1542 4860 qued·
