3986 5502
375 842 415 906 82

334 1147 469 1210 moris
500 1147 637 1212 Gennus
669 1147 753 1211 filius
781 1149 908 1213 Roonm
940 1149 1049 1212 Gnsnr
1080 1148 1151 1212 dedi
1173 1154 1205 1212 et
1225 1147 1365 1212 concessi
1386 1097 1418 1212 et
1438 1148 1499 1212 hec
1519 1166 1591 1212 mee
1610 1153 1700 1215 certe

335 1297 492 1342 consensu
512 1285 544 1340 et
565 1279 695 1342 consilio
709 1286 741 1342 et
756 1299 907 1344 concessu
927 1281 1009 1344 Isun
1029 1282 1135 1344 uxoris
1155 1301 1234 1344 meae
1247 1287 1280 1344 et
1294 1281 1445 1344 heredum
1465 1299 1606 1345 meorum
1626 1299 1698 1344 con·

337 1408 460 1472 firmavi
490 1409 626 1472 Houom
645 1409 710 1472 filio
741 1411 894 1474 Hueorus
915 1417 947 1475 et
967 1411 1134 1474 heredibus
1164 1412 1230 1475 suis
1250 1411 1330 1475 dues
1358 1431 1449 1476 nores
1476 1411 1610 1476 erebilee
1630 1429 1700 1494 quse

334 1540 441 1620 ieoent
462 1537 501 1602 de
521 1539 573 1604 vie
591 1541 688 1620 reguli
708 1540 749 1603 ed
770 1541 917 1605 Gon-m
937 1541 971 1604 in
991 1542 1157 1605 latitudine
1185 1548 1257 1606 octo
1284 1542 1450 1624 virgarum.
1490 1541 1655 1606 Tenendes
1668 1547 1701 1606 et

335 1667 499 1732 habendes
519 1669 738 1750 inperpetuum
752 1670 791 1733 de
804 1691 854 1734 me
869 1678 901 1734 et
915 1670 1083 1734 heredibus
1102 1671 1181 1734 meis
1201 1672 1278 1753 ipsis
1292 1677 1325 1734 et
1338 1670 1505 1734 heredrltus
1518 1671 1584 1734 suis
1605 1669 1701 1734 libere

334 1806 367 1864 et
388 1799 492 1880 quiete
512 1799 553 1862 cb
572 1799 659 1862 omni
687 1801 813 1864 servitio
834 1807 866 1863 et
887 1800 927 1864 eb
946 1801 1033 1864 omni
1061 1799 1217 1865 demendo
1244 1801 1402 1864 reddendo
1432 1801 1506 1863 inde
1534 1800 1700 1865 annuatim

337 1931 379 1994 ed
391 1931 508 1994 festum
530 1930 639 1994 Sencti
660 1931 846 1993 Mromms
860 1930 938 1992 mihi
951 1937 984 1992 et
997 1930 1164 1994 heredibus
1184 1931 1263 1993 meis
1283 1931 1362 1994 duos
1382 1931 1537 1994 denarios.
1578 1933 1623 1995 Et
1643 1951 1701 2014 ego

336 2067 369 2124 et
383 2060 514 2122 heredes
527 2060 589 2122 mei
610 2060 885 2122 warantizabimus
904 2060 987 2122 henc
1007 2059 1181 2140 predictam
1201 2067 1318 2123 terrem
1338 2062 1473 2152 Epeom
1487 2069 1519 2124 et
1532 2061 1700 2128 heredrltns

336 2190 402 2254 suis
432 2195 543 2253 contre
573 2209 682 2252 omnes
712 2189 855 2252 homines
876 2197 908 2252 et
928 2189 1072 2252 feminee.
1114 2191 1158 2252 Et
1177 2210 1235 2272 pro
1254 2191 1316 2254 hoc
1343 2190 1513 2254 donatione
1543 2191 1701 2272 predictus

335 2321 436 2384 Hoeo
449 2319 536 2383 dedit
549 2319 640 2383 nobis
654 2319 733 2382 dues
746 2339 869 2382 merces
884 2319 1015 2400 argenti.
1050 2319 1123 2381 Hiis
1138 2319 1272 2382 testibus
1293 2320 1488 2382 Wmnnnno
1502 2320 1541 2382 de
1555 2319 1699 2383 Gonnum

336 2450 534 2515 Wmnmnuo
554 2449 643 2513 cons
683 2449 875 2512 Gmneneuo
894 2448 933 2510 de
954 2449 1052 2512 Nune
1089 2449 1242 2512 Hrrmco
1255 2447 1294 2512 de
1309 2449 1407 2512 Nnun
1448 2450 1643 2514 Wmmmo
1662 2449 1702 2514 de

338 2579 463 2644 denoto
484 2580 619 2642 Dorisco
661 2579 789 2644 Onnum
811 2578 941 2642 Junmn
961 2585 994 2641 et
1013 2577 1123 2642 multis
1144 2577 1223 2642 eliis.

964 2852 1080 2916 CXXI.

441 2985 635 3052 Doneuuo
655 2983 880 3050 YSABELLE
901 2983 1132 3049 GOMITISSE
1153 2981 1301 3046 DOMUI
1321 2981 1381 3044 DEl
1402 2979 1594 3045 MABGAN.

890 3119 1045 3196 [esseron
1067 3116 1155 3192 use]
1472 3126 1547 3174 omn
1567 3127 1660 3174 nero.

301 3257 315 3266 ‘
383 3245 491 3311 Sciant
519 3265 629 3310 omnes
649 3253 717 3310 tem
736 3251 900 3327 presentes
929 3239 1024 3325 quem
1045 3241 1143 3304 futuri
1163 3241 1246 3323 quod
1265 3261 1323 3322 ego
1343 3240 1516 3304 Ysssnunn
1543 3241 1703 3306 comitisse

342 3377 572 3439 Gnouonsuene
593 3382 625 3438 et
650 3376 793 3438 Essnxm
813 3376 848 3437 in
868 3375 974 3458 Qlibere
1003 3373 1156 3438 viduitate
1184 3392 1256 3436 mee
1284 3373 1357 3435 dedi
1376 3379 1409 3434 et
1429 3372 1569 3435 concessi
1589 3379 1622 3434 et
1642 3372 1702 3436 heo

342 3504 483 3586 presenti
502 3511 683 3567 certamen
702 3504 883 3567 confir-mevi
911 3505 980 3566 Deo
1001 3509 1033 3565 et
1053 3503 1183 3566 ecclesie
1203 3502 1295 3565 beete
1316 3503 1428 3564 Mmrs
1449 3502 1489 3565 de
1509 3502 1651 3566 Murem
1671 3509 1703 3566 et

341 3633 506 3697 monechis
525 3634 641 3696 elidem
662 3635 732 3696 Deo
757 3633 963 3697 servientibus
983 3651 1039 3714 pro
1060 3633 1163 3695 seluto
1182 3652 1253 3694 mee
1273 3639 1305 3694 et
1325 3639 1561 3696 antecessorum
1580 3639 1613 3694 et
1634 3651 1702 3695 euc-

339 3781 500 3826 cessorum
528 3783 670 3826 meorum
690 3770 722 3826 et
742 3763 861 3826 domiui
889 3763 1013 3826 comitis
1045 3763 1207 3826 Genusum
1240 3761 1280 3825 de
1309 3761 1515 3824 Mnunnvmn'
1547 3761 1704 3844 qnondam

340 3891 448 3956 meriti
477 3893 540 3955 mei
569 3893 604 3954 in
631 3912 744 3972 puram
774 3899 807 3954 et
834 3899 1020 3973 perpetuum
1050 3893 1254 3956 elemosinam
1283 3893 1343 3956 hee
1373 3898 1473 3956 terres
1501 3892 1535 3954 in
1554 3893 1646 3958 feodo
1665 3861 1704 3957 dd

343 4021 514 4084 Rumina.
558 4021 682 4086 Scilicet
710 4029 811 4084 totum
839 4029 955 4084 terrem
985 4005 1157 4084 Pmdnurl
1177 4041 1234 4102 per
1253 4021 1369 4086 divisos
1399 4040 1474 4086 enee
1494 4041 1566 4084 com
1586 4021 1700 4104 pertin·

342 4151 440 4214 euciis
460 4149 525 4212 suis
536 4169 545 4224 ;
568 4157 602 4212 et
622 4157 725 4214 totam
745 4157 861 4212 terrem
890 4151 1042 4213 Hueoms
1063 4150 1101 4214 de
1122 4151 1306 4212 Hunnroen
1326 4169 1399 4214 cum
1417 4151 1620 4231 pertinenciis
1639 4151 1703 4215 suis

343 4288 376 4344 et
396 4287 498 4343 totum
518 4287 635 4344 terrem
664 4281 869 4346 Wsnnssruu
897 4301 955 4360 pro
983 4301 1046 4361 que
1074 4281 1217 4344 eolebont
1238 4281 1368 4344 reddere
1390 4261 1555 4344 annuatim
1575 4280 1703 4362 triginta

341 4410 422 4474 duos
450 4409 566 4473 solidos
595 4409 719 4474 ballivis
738 4409 778 4472 de
799 4411 968 4472 Rursus&
991 4416 1023 4473 et
1044 4415 1146 4472 totem
1166 4417 1288 4490 ,terram
1308 4410 1347 4473 de
1368 4411 1595 4472 annnusnoo
1623 4409 1704 4472 inter

343 4540 424 4604 dues
445 4559 544 4621 eques
564 4541 682 4606 scilicet
703 4541 872 4604 Kuuumo’
895 4547 927 4602 et
931 4587 1125 4604 ...............
1128 4559 1201 4604 mr.
1244 4541 1418 4605 Hebendes
1438 4548 1471 4604 et
1491 4540 1646 4604 tenendus
1664 4539 1703 4602 de

341 4691 393 4735 me
413 4675 446 4733 et
465 4669 631 4732 heredibus
655 4669 735 4732 meis
764 4670 984 4750 inperpetuum
1013 4670 1108 4733 libere
1139 4676 1171 4733 et
1190 4671 1295 4751 quiete
1316 4669 1356 4734 eb
1375 4669 1462 4734 omni
1481 4669 1612 4734 servicio
1631 4687 1701 4732 eon·

345 4800 510 4866 suetudine
540 4807 573 4866 et
603 4799 769 4865 exaccione
790 4801 871 4866 siout
892 4801 958 4866 ulle
977 4799 1147 4866 elemosine
1167 4801 1262 4867 libere
1283 4807 1315 4865 et
1336 4800 1440 4885 quiete
1466 4807 1572 4883 potest
1593 4799 1701 4866 teneri.
