<?xml version="1.0" encoding="UTF-8"?>
<!DOCTYPE html PUBLIC "-//W3C//DTD XHTML 1.0 Transitional//EN"
    "http://www.w3.org/TR/xhtml1/DTD/xhtml1-transitional.dtd">
<html xmlns="http://www.w3.org/1999/xhtml" xml:lang="en" lang="en">
 <head>
  <title>
</title>
<meta http-equiv="Content-Type" content="text/html;charset=utf-8" />
  <meta name='ocr-system' content='tesseract 3.04.00' />
  <meta name='ocr-capabilities' content='ocr_page ocr_carea ocr_par ocr_line ocrx_word'/>
</head>
<body>
  <div class='ocr_page' id='page_1' title='image "./cartetaliamunim00abbegoog_0131.png"; bbox 0 0 3986 5502; ppageno 0'>
   <div class='ocr_carea' id='block_1_1' title="bbox 396 684 490 783">
    <p class='ocr_par' dir='ltr' id='par_1_1' title="bbox 396 684 490 783">
     <span class='ocr_line' id='line_1_1' title="bbox 396 684 490 783; baseline 0.011 -37"><span class='ocrx_word' id='word_1_1' title='bbox 396 684 490 783; x_wconf 28' lang='grc'>106,</span> 
     </span>
    </p>
   </div>
   <div class='ocr_carea' id='block_1_2' title="bbox 309 981 1722 2762">
    <p class='ocr_par' dir='ltr' id='par_1_2' title="bbox 309 981 1722 2762">
     <span class='ocr_line' id='line_1_2' title="bbox 347 981 1713 1066; baseline -0.001 -15"><span class='ocrx_word' id='word_1_2' title='bbox 347 1003 456 1051; x_wconf 86' lang='lat' dir='ltr'><strong>versus</strong></span> <span class='ocrx_word' id='word_1_3' title='bbox 476 982 672 1048; x_wconf 87' lang='lat' dir='ltr'><strong>occidentem</strong></span> <span class='ocrx_word' id='word_1_4' title='bbox 702 1001 801 1066; x_wconf 90' lang='lat' dir='ltr'><strong>usque</strong></span> <span class='ocrx_word' id='word_1_5' title='bbox 822 983 863 1048; x_wconf 83' lang='lat' dir='ltr'><strong>ad</strong></span> <span class='ocrx_word' id='word_1_6' title='bbox 882 981 1056 1066; x_wconf 90' lang='lat' dir='ltr'><strong>predictam</strong></span> <span class='ocrx_word' id='word_1_7' title='bbox 1085 1001 1234 1065; x_wconf 83' lang='lat' dir='ltr'><strong>magnam</strong></span> <span class='ocrx_word' id='word_1_8' title='bbox 1260 981 1377 1065; x_wconf 91' lang='lat' dir='ltr'><strong>polam.</strong></span> <span class='ocrx_word' id='word_1_9' title='bbox 1419 982 1539 1048; x_wconf 78' lang='lat' dir='ltr'><strong>Ceteris</strong></span> <span class='ocrx_word' id='word_1_10' title='bbox 1567 983 1713 1050; x_wconf 80' lang='lat' dir='ltr'><strong>omnibus</strong></span> 
     </span>
     <span class='ocr_line' id='line_1_3' title="bbox 309 1113 1720 1196; baseline 0 -18"><span class='ocrx_word' id='word_1_11' title='bbox 309 1169 312 1178; x_wconf 94' lang='grc'><em>,</em></span> <span class='ocrx_word' id='word_1_12' title='bbox 352 1117 481 1182; x_wconf 81' lang='lat' dir='ltr'><strong>fossatis</strong></span> <span class='ocrx_word' id='word_1_13' title='bbox 501 1117 655 1179; x_wconf 86' lang='lat' dir='ltr'><strong>clausuris</strong></span> <span class='ocrx_word' id='word_1_14' title='bbox 668 1123 701 1179; x_wconf 90' lang='lat' dir='ltr'><strong>et</strong></span> <span class='ocrx_word' id='word_1_15' title='bbox 716 1116 845 1179; x_wconf 80' lang='lat' dir='ltr'><strong>edificiis</strong></span> <span class='ocrx_word' id='word_1_16' title='bbox 859 1115 893 1178; x_wconf 90' lang='lat' dir='ltr'><strong>in</strong></span> <span class='ocrx_word' id='word_1_17' title='bbox 907 1116 993 1179; x_wconf 89' lang='lat' dir='ltr'><strong>dicta</strong></span> <span class='ocrx_word' id='word_1_18' title='bbox 1011 1121 1143 1196; x_wconf 86' lang='lat' dir='ltr'><strong>pastura</strong></span> <span class='ocrx_word' id='word_1_19' title='bbox 1162 1113 1255 1176; x_wconf 85' lang='lat' dir='ltr'><strong>iactis</strong></span> <span class='ocrx_word' id='word_1_20' title='bbox 1275 1115 1326 1178; x_wconf 89' lang='lat' dir='ltr'><strong>vel</strong></span> <span class='ocrx_word' id='word_1_21' title='bbox 1347 1114 1537 1177; x_wconf 86' lang='lat' dir='ltr'><strong>constructis</strong></span> <span class='ocrx_word' id='word_1_22' title='bbox 1557 1133 1613 1194; x_wconf 89' lang='lat' dir='ltr'><strong>per</strong></span> <span class='ocrx_word' id='word_1_23' title='bbox 1632 1114 1720 1195; x_wconf 83' lang='lat' dir='ltr'><strong>ipsos</strong></span> 
     </span>
     <span class='ocr_line' id='line_1_4' title="bbox 357 1207 1720 1328; baseline -0.001 -16"><span class='ocrx_word' id='word_1_24' title='bbox 357 1249 396 1312; x_wconf 89' lang='lat' dir='ltr'><strong>de</strong></span> <span class='ocrx_word' id='word_1_25' title='bbox 428 1207 586 1312; x_wconf 68' lang='lat' dir='ltr'><strong>litamur</strong></span> <span class='ocrx_word' id='word_1_26' title='bbox 620 1247 747 1328; x_wconf 91' lang='lat' dir='ltr'><strong>penitus</strong></span> <span class='ocrx_word' id='word_1_27' title='bbox 782 1247 964 1311; x_wconf 84' lang='lat' dir='ltr'><strong>amovendis</strong></span> <span class='ocrx_word' id='word_1_28' title='bbox 992 1267 1050 1308; x_wconf 91' lang='lat' dir='ltr'><strong>nec</strong></span> <span class='ocrx_word' id='word_1_29' title='bbox 1076 1245 1231 1327; x_wconf 74' lang='lat' dir='ltr'>aliquibus</span> <span class='ocrx_word' id='word_1_30' title='bbox 1265 1245 1334 1307; x_wconf 88' lang='lat' dir='ltr'><strong>aliis</strong></span> <span class='ocrx_word' id='word_1_31' title='bbox 1365 1251 1470 1324; x_wconf 89' lang='lat' dir='ltr'><strong>preter</strong></span> <span class='ocrx_word' id='word_1_32' title='bbox 1499 1245 1720 1326; x_wconf 84' lang='lat' dir='ltr'><strong>prenominata</strong></span> 
     </span>
     <span class='ocr_line' id='line_1_5' title="bbox 351 1375 1721 1460; baseline -0.001 -18"><span class='ocrx_word' id='word_1_33' title='bbox 351 1379 468 1443; x_wconf 79' lang='lat' dir='ltr'><strong>ibidem</strong></span> <span class='ocrx_word' id='word_1_34' title='bbox 481 1399 538 1460; x_wconf 90' lang='lat' dir='ltr'><strong>per</strong></span> <span class='ocrx_word' id='word_1_35' title='bbox 552 1378 679 1441; x_wconf 91' lang='lat' dir='ltr'><strong>eosdem</strong></span> <span class='ocrx_word' id='word_1_36' title='bbox 698 1379 903 1460; x_wconf 89' lang='lat' dir='ltr'><strong>imposterum</strong></span> <span class='ocrx_word' id='word_1_37' title='bbox 917 1377 1143 1441; x_wconf 75' lang='lat' dir='ltr'><strong>construendis.</strong></span> <span class='ocrx_word' id='word_1_38' title='bbox 1186 1377 1258 1438; x_wconf 90' lang='lat' dir='ltr'><strong>Hoc</strong></span> <span class='ocrx_word' id='word_1_39' title='bbox 1272 1375 1495 1438; x_wconf 78' lang='lat' dir='ltr'><strong>nichilominus</strong></span> <span class='ocrx_word' id='word_1_40' title='bbox 1509 1395 1604 1456; x_wconf 89' lang='lat' dir='ltr'><strong>supra</strong></span> <span class='ocrx_word' id='word_1_41' title='bbox 1627 1375 1721 1440; x_wconf 83' lang='lat' dir='ltr'><strong>dictis</strong></span> 
     </span>
     <span class='ocr_line' id='line_1_6' title="bbox 354 1507 1721 1591; baseline -0.001 -18"><span class='ocrx_word' id='word_1_42' title='bbox 354 1509 479 1590; x_wconf 82' lang='lat' dir='ltr'><strong>adjecto</strong></span> <span class='ocrx_word' id='word_1_43' title='bbox 507 1508 639 1591; x_wconf 91' lang='lat' dir='ltr'><strong>quodsi</strong></span> <span class='ocrx_word' id='word_1_44' title='bbox 669 1508 740 1590; x_wconf 88' lang='lat' dir='ltr'><strong>quis</strong></span> <span class='ocrx_word' id='word_1_45' title='bbox 769 1509 944 1572; x_wconf 88' lang='lat' dir='ltr'><strong>monachus</strong></span> <span class='ocrx_word' id='word_1_46' title='bbox 965 1508 1015 1571; x_wconf 90' lang='lat' dir='ltr'><strong>vel</strong></span> <span class='ocrx_word' id='word_1_47' title='bbox 1035 1527 1204 1571; x_wconf 82' lang='lat' dir='ltr'><strong>conversus</strong></span> <span class='ocrx_word' id='word_1_48' title='bbox 1232 1507 1387 1571; x_wconf 87' lang='lat' dir='ltr'><strong>dictarum</strong></span> <span class='ocrx_word' id='word_1_49' title='bbox 1417 1507 1581 1570; x_wconf 88' lang='lat' dir='ltr'><strong>domomm</strong></span> <span class='ocrx_word' id='word_1_50' title='bbox 1610 1515 1721 1571; x_wconf 88' lang='lat' dir='ltr'><strong>contra</strong></span> 
     </span>
     <span class='ocr_line' id='line_1_7' title="bbox 354 1636 1719 1719; baseline 0.001 -20"><span class='ocrx_word' id='word_1_51' title='bbox 354 1637 449 1712; x_wconf 90' lang='lat' dir='ltr'><strong>hanc,</strong></span> <span class='ocrx_word' id='word_1_52' title='bbox 471 1636 554 1719; x_wconf 90' lang='lat' dir='ltr'><strong>quod</strong></span> <span class='ocrx_word' id='word_1_53' title='bbox 575 1637 667 1712; x_wconf 86' lang='lat' dir='ltr'><strong>absit,</strong></span> <span class='ocrx_word' id='word_1_54' title='bbox 689 1637 817 1700; x_wconf 60' lang='lat' dir='ltr'><strong>halem</strong></span> <span class='ocrx_word' id='word_1_55' title='bbox 837 1637 1037 1700; x_wconf 77' lang='lat' dir='ltr'><strong>concordiam</strong></span> <span class='ocrx_word' id='word_1_56' title='bbox 1057 1643 1089 1699; x_wconf 88' lang='lat' dir='ltr'><strong>et</strong></span> <span class='ocrx_word' id='word_1_57' title='bbox 1109 1636 1368 1718; x_wconf 70' lang='lat' dir='ltr'><strong>compositionem</strong></span> <span class='ocrx_word' id='word_1_58' title='bbox 1388 1637 1585 1700; x_wconf 76' lang='lat' dir='ltr'><strong>amicabilem</strong></span> <span class='ocrx_word' id='word_1_59' title='bbox 1614 1639 1719 1718; x_wconf 87' lang='lat' dir='ltr'><strong>aliquo</strong></span> 
     </span>
     <span class='ocr_line' id='line_1_8' title="bbox 354 1767 1712 1849; baseline 0.001 -18"><span class='ocrx_word' id='word_1_60' title='bbox 354 1768 448 1831; x_wconf 87' lang='lat' dir='ltr'><strong>modo</strong></span> <span class='ocrx_word' id='word_1_61' title='bbox 467 1767 573 1831; x_wconf 89' lang='lat' dir='ltr'><strong>venire</strong></span> <span class='ocrx_word' id='word_1_62' title='bbox 602 1767 826 1848; x_wconf 74' lang='lat' dir='ltr'><strong>presumpserit</strong></span> <span class='ocrx_word' id='word_1_63' title='bbox 854 1769 940 1829; x_wconf 93' lang='lat' dir='ltr'><strong>omni</strong></span> <span class='ocrx_word' id='word_1_64' title='bbox 971 1768 1135 1829; x_wconf 87' lang='lat' dir='ltr'><strong>occasione</strong></span> <span class='ocrx_word' id='word_1_65' title='bbox 1166 1767 1372 1830; x_wconf 75' lang='lat' dir='ltr'><strong>exscensione</strong></span> <span class='ocrx_word' id='word_1_66' title='bbox 1393 1775 1424 1829; x_wconf 90' lang='lat' dir='ltr'><strong>et</strong></span> <span class='ocrx_word' id='word_1_67' title='bbox 1445 1767 1599 1831; x_wconf 88' lang='lat' dir='ltr'><strong>dilacione</strong></span> <span class='ocrx_word' id='word_1_68' title='bbox 1626 1777 1712 1849; x_wconf 81' lang='lat' dir='ltr'><strong>post·</strong></span> 
     </span>
     <span class='ocr_line' id='line_1_9' title="bbox 352 1895 1721 1981; baseline 0.001 -21"><span class='ocrx_word' id='word_1_69' title='bbox 352 1897 465 1981; x_wconf 91' lang='lat' dir='ltr'><strong>positis</strong></span> <span class='ocrx_word' id='word_1_70' title='bbox 486 1916 506 1959; x_wconf 89' lang='lat' dir='ltr'><strong>a</strong></span> <span class='ocrx_word' id='word_1_71' title='bbox 525 1897 619 1959; x_wconf 93' lang='lat' dir='ltr'><strong>domo</strong></span> <span class='ocrx_word' id='word_1_72' title='bbox 647 1896 773 1977; x_wconf 86' lang='lat' dir='ltr'><strong>proprie</strong></span> <span class='ocrx_word' id='word_1_73' title='bbox 800 1895 928 1977; x_wconf 87' lang='lat' dir='ltr'><strong>penitus</strong></span> <span class='ocrx_word' id='word_1_74' title='bbox 958 1897 1122 1959; x_wconf 89' lang='lat' dir='ltr'><strong>emittatur</strong></span> <span class='ocrx_word' id='word_1_75' title='bbox 1150 1917 1214 1958; x_wconf 92' lang='lat' dir='ltr'><strong>non</strong></span> <span class='ocrx_word' id='word_1_76' title='bbox 1244 1917 1425 1960; x_wconf 83' lang='lat' dir='ltr'><strong>reversurus</strong></span> <span class='ocrx_word' id='word_1_77' title='bbox 1447 1898 1508 1958; x_wconf 88' lang='lat' dir='ltr'><strong>nisi</strong></span> <span class='ocrx_word' id='word_1_78' title='bbox 1529 1899 1568 1960; x_wconf 91' lang='lat' dir='ltr'><strong>de</strong></span> <span class='ocrx_word' id='word_1_79' title='bbox 1589 1899 1721 1962; x_wconf 79' lang='lat' dir='ltr'><strong>licencia</strong></span> 
     </span>
     <span class='ocr_line' id='line_1_10' title="bbox 354 2026 1722 2110; baseline -0.001 -18"><span class='ocrx_word' id='word_1_80' title='bbox 354 2028 486 2109; x_wconf 86' lang='lat' dir='ltr'><strong>capituli</strong></span> <span class='ocrx_word' id='word_1_81' title='bbox 506 2028 670 2110; x_wconf 88' lang='lat' dir='ltr'><strong>generalis.</strong></span> <span class='ocrx_word' id='word_1_82' title='bbox 712 2029 833 2089; x_wconf 84' lang='lat' dir='ltr'><strong>Tenere</strong></span> <span class='ocrx_word' id='word_1_83' title='bbox 853 2026 1075 2089; x_wconf 88' lang='lat' dir='ltr'><strong>nichilominus</strong></span> <span class='ocrx_word' id='word_1_84' title='bbox 1106 2027 1189 2090; x_wconf 87' lang='lat' dir='ltr'><strong>diota</strong></span> <span class='ocrx_word' id='word_1_85' title='bbox 1220 2028 1379 2090; x_wconf 80' lang='lat' dir='ltr'><strong>sentencie</strong></span> <span class='ocrx_word' id='word_1_86' title='bbox 1400 2034 1433 2091; x_wconf 90' lang='lat' dir='ltr'><strong>et</strong></span> <span class='ocrx_word' id='word_1_87' title='bbox 1461 2030 1722 2110; x_wconf 89' lang='lat' dir='ltr'><strong>compositionum</strong></span> 
     </span>
     <span class='ocr_line' id='line_1_11' title="bbox 353 2157 1721 2242; baseline -0.001 -19"><span class='ocrx_word' id='word_1_88' title='bbox 353 2159 438 2224; x_wconf 89' lang='lat' dir='ltr'><strong>inter</strong></span> <span class='ocrx_word' id='word_1_89' title='bbox 458 2160 559 2222; x_wconf 87' lang='lat' dir='ltr'><strong>dictas</strong></span> <span class='ocrx_word' id='word_1_90' title='bbox 580 2159 691 2222; x_wconf 90' lang='lat' dir='ltr'><strong>domos</strong></span> <span class='ocrx_word' id='word_1_91' title='bbox 711 2159 776 2239; x_wconf 85' lang='lat' dir='ltr'><strong>jam</strong></span> <span class='ocrx_word' id='word_1_92' title='bbox 796 2157 916 2220; x_wconf 90' lang='lat' dir='ltr'><strong>dudum</strong></span> <span class='ocrx_word' id='word_1_93' title='bbox 936 2158 1150 2221; x_wconf 87' lang='lat' dir='ltr'><strong>confectarum</strong></span> <span class='ocrx_word' id='word_1_94' title='bbox 1169 2159 1203 2220; x_wconf 92' lang='lat' dir='ltr'><strong>in</strong></span> <span class='ocrx_word' id='word_1_95' title='bbox 1224 2159 1337 2221; x_wconf 87' lang='lat' dir='ltr'><strong>ceteris</strong></span> <span class='ocrx_word' id='word_1_96' title='bbox 1357 2159 1502 2221; x_wconf 91' lang='lat' dir='ltr'><strong>omnibus</strong></span> <span class='ocrx_word' id='word_1_97' title='bbox 1521 2165 1721 2242; x_wconf 75' lang='lat' dir='ltr'><strong>preterquam</strong></span> 
     </span>
     <span class='ocr_line' id='line_1_12' title="bbox 350 2289 1720 2374; baseline -0.001 -20"><span class='ocrx_word' id='word_1_98' title='bbox 350 2289 385 2354; x_wconf 90' lang='lat' dir='ltr'><strong>in</strong></span> <span class='ocrx_word' id='word_1_99' title='bbox 398 2289 558 2374; x_wconf 88' lang='lat' dir='ltr'><strong>premissis</strong></span> <span class='ocrx_word' id='word_1_100' title='bbox 571 2289 605 2351; x_wconf 91' lang='lat' dir='ltr'><strong>in</strong></span> <span class='ocrx_word' id='word_1_101' title='bbox 620 2307 677 2352; x_wconf 89' lang='lat' dir='ltr'><strong>suo</strong></span> <span class='ocrx_word' id='word_1_102' title='bbox 697 2289 807 2351; x_wconf 89' lang='lat' dir='ltr'><strong>robore</strong></span> <span class='ocrx_word' id='word_1_103' title='bbox 827 2289 1049 2352; x_wconf 82' lang='lat' dir='ltr'><strong>inviolabiliter</strong></span> <span class='ocrx_word' id='word_1_104' title='bbox 1067 2291 1256 2370; x_wconf 86' lang='lat' dir='ltr'><strong>persistente</strong></span> <span class='ocrx_word' id='word_1_105' title='bbox 1276 2291 1505 2371; x_wconf 86' lang='lat' dir='ltr'><strong>inperpetuum.</strong></span> <span class='ocrx_word' id='word_1_106' title='bbox 1548 2293 1592 2352; x_wconf 87' lang='lat' dir='ltr'><strong>Et</strong></span> <span class='ocrx_word' id='word_1_107' title='bbox 1605 2297 1641 2352; x_wconf 91' lang='lat' dir='ltr'><strong>ut</strong></span> <span class='ocrx_word' id='word_1_108' title='bbox 1662 2291 1720 2352; x_wconf 91' lang='lat' dir='ltr'><strong>heo</strong></span> 
     </span>
     <span class='ocr_line' id='line_1_13' title="bbox 351 2419 1720 2500; baseline 0.001 -18"><span class='ocrx_word' id='word_1_109' title='bbox 351 2420 455 2484; x_wconf 87' lang='lat' dir='ltr'><strong>finalis</strong></span> <span class='ocrx_word' id='word_1_110' title='bbox 476 2419 644 2482; x_wconf 88' lang='lat' dir='ltr'><strong>concordia</strong></span> <span class='ocrx_word' id='word_1_111' title='bbox 664 2425 696 2481; x_wconf 89' lang='lat' dir='ltr'><strong>et</strong></span> <span class='ocrx_word' id='word_1_112' title='bbox 717 2419 905 2499; x_wconf 89' lang='lat' dir='ltr'><strong>composicio</strong></span> <span class='ocrx_word' id='word_1_113' title='bbox 926 2419 1098 2482; x_wconf 86' lang='lat' dir='ltr'><strong>amicabilis</strong></span> <span class='ocrx_word' id='word_1_114' title='bbox 1118 2420 1278 2481; x_wconf 86' lang='lat' dir='ltr'><strong>firmitatis</strong></span> <span class='ocrx_word' id='word_1_115' title='bbox 1291 2420 1386 2482; x_wconf 84' lang='lat' dir='ltr'><strong>robur</strong></span> <span class='ocrx_word' id='word_1_116' title='bbox 1398 2419 1541 2500; x_wconf 88' lang='lat' dir='ltr'><strong>optineat</strong></span> <span class='ocrx_word' id='word_1_117' title='bbox 1555 2422 1720 2500; x_wconf 87' lang='lat' dir='ltr'><strong>imperpet-</strong></span> 
     </span>
     <span class='ocr_line' id='line_1_14' title="bbox 350 2549 1719 2615; baseline -0.001 0"><span class='ocrx_word' id='word_1_118' title='bbox 350 2570 427 2615; x_wconf 87' lang='lat' dir='ltr'><strong>uum</strong></span> <span class='ocrx_word' id='word_1_119' title='bbox 455 2550 611 2613; x_wconf 88' lang='lat' dir='ltr'><strong>diotarum</strong></span> <span class='ocrx_word' id='word_1_120' title='bbox 631 2549 796 2611; x_wconf 88' lang='lat' dir='ltr'><strong>domorum</strong></span> <span class='ocrx_word' id='word_1_121' title='bbox 823 2549 955 2612; x_wconf 84' lang='lat' dir='ltr'><strong>abbates</strong></span> <span class='ocrx_word' id='word_1_122' title='bbox 983 2569 1047 2612; x_wconf 89' lang='lat' dir='ltr'><strong>una</strong></span> <span class='ocrx_word' id='word_1_123' title='bbox 1074 2569 1145 2611; x_wconf 87' lang='lat' dir='ltr'><strong>oum</strong></span> <span class='ocrx_word' id='word_1_124' title='bbox 1172 2549 1401 2612; x_wconf 82' lang='lat' dir='ltr'><strong>venerabilibus</strong></span> <span class='ocrx_word' id='word_1_125' title='bbox 1431 2550 1470 2611; x_wconf 92' lang='lat' dir='ltr'><strong>de</strong></span> <span class='ocrx_word' id='word_1_126' title='bbox 1501 2549 1651 2612; x_wconf 75' lang='lat' dir='ltr'><strong>Harum.</strong></span> <span class='ocrx_word' id='word_1_127' title='bbox 1680 2550 1719 2614; x_wconf 86' lang='lat' dir='ltr'><strong>de</strong></span> 
     </span>
     <span class='ocr_line' id='line_1_15' title="bbox 352 2679 1721 2762; baseline -0.002 -17"><span class='ocrx_word' id='word_1_128' title='bbox 352 2683 539 2756; x_wconf 65' lang='lat' dir='ltr'><strong>inmari,</strong></span> <span class='ocrx_word' id='word_1_129' title='bbox 560 2680 599 2742; x_wconf 92' lang='lat' dir='ltr'><strong>ds</strong></span> <span class='ocrx_word' id='word_1_130' title='bbox 620 2681 718 2742; x_wconf 81' lang='lat' dir='ltr'><strong>Nuus</strong></span> <span class='ocrx_word' id='word_1_131' title='bbox 732 2679 771 2742; x_wconf 90' lang='lat' dir='ltr'><strong>de</strong></span> <span class='ocrx_word' id='word_1_132' title='bbox 786 2679 875 2741; x_wconf 77' lang='lat' dir='ltr'><strong>Anas</strong></span> <span class='ocrx_word' id='word_1_133' title='bbox 896 2698 985 2741; x_wconf 84' lang='lat' dir='ltr'><strong>norro</strong></span> <span class='ocrx_word' id='word_1_134' title='bbox 1000 2687 1032 2742; x_wconf 90' lang='lat' dir='ltr'><strong>et</strong></span> <span class='ocrx_word' id='word_1_135' title='bbox 1047 2681 1086 2742; x_wconf 91' lang='lat' dir='ltr'><strong>de</strong></span> <span class='ocrx_word' id='word_1_136' title='bbox 1109 2681 1234 2742; x_wconf 76' lang='lat' dir='ltr'><strong>Sanam</strong></span> <span class='ocrx_word' id='word_1_137' title='bbox 1248 2697 1386 2742; x_wconf 82' lang='lat' dir='ltr'><strong>rnonms</strong></span> <span class='ocrx_word' id='word_1_138' title='bbox 1406 2681 1573 2744; x_wconf 85' lang='lat' dir='ltr'><strong>abbatibus</strong></span> <span class='ocrx_word' id='word_1_139' title='bbox 1593 2699 1721 2762; x_wconf 85' lang='lat' dir='ltr'><strong>presens</strong></span> 
     </span>
    </p>
   </div>
   <div class='ocr_carea' id='block_1_3' title="bbox 353 2809 1532 2895">
    <p class='ocr_par' dir='ltr' id='par_1_3' title="bbox 353 2809 1532 2895">
     <span class='ocr_line' id='line_1_16' title="bbox 353 2809 1532 2895; baseline -0.003 -19"><span class='ocrx_word' id='word_1_140' title='bbox 353 2812 505 2895; x_wconf 89' lang='lat' dir='ltr'><strong>scriptum</strong></span> <span class='ocrx_word' id='word_1_141' title='bbox 526 2811 698 2892; x_wconf 84' lang='lat' dir='ltr'><strong>sigillorum</strong></span> <span class='ocrx_word' id='word_1_142' title='bbox 719 2829 847 2874; x_wconf 89' lang='lat' dir='ltr'><strong>suorum</strong></span> <span class='ocrx_word' id='word_1_143' title='bbox 867 2809 1114 2891; x_wconf 86' lang='lat' dir='ltr'><strong>inpressionibus</strong></span> <span class='ocrx_word' id='word_1_144' title='bbox 1133 2809 1291 2873; x_wconf 87' lang='lat' dir='ltr'><strong>duxerunt</strong></span> <span class='ocrx_word' id='word_1_145' title='bbox 1312 2811 1532 2874; x_wconf 88' lang='lat' dir='ltr'><strong>roborandum.</strong></span> 
     </span>
    </p>
   </div>
   <div class='ocr_carea' id='block_1_4' title="bbox 353 3056 1722 4579">
    <p class='ocr_par' dir='ltr' id='par_1_4' title="bbox 353 3056 1722 4579">
     <span class='ocr_line' id='line_1_17' title="bbox 956 3056 1115 3120; baseline 0 0"><span class='ocrx_word' id='word_1_146' title='bbox 956 3056 1115 3120; x_wconf 83' lang='lat' dir='ltr'>CXXXV.</span> 
     </span>
     <span class='ocr_line' id='line_1_18' title="bbox 456 3185 1622 3256; baseline 0.003 -4"><span class='ocrx_word' id='word_1_147' title='bbox 456 3185 694 3253; x_wconf 69' lang='lat' dir='ltr'><strong>conensem</strong></span> <span class='ocrx_word' id='word_1_148' title='bbox 715 3185 771 3251; x_wconf 89' lang='lat' dir='ltr'><strong>W:</strong></span> <span class='ocrx_word' id='word_1_149' title='bbox 793 3186 853 3248; x_wconf 82' lang='lat' dir='ltr'><strong>DE</strong></span> <span class='ocrx_word' id='word_1_150' title='bbox 875 3185 1125 3250; x_wconf 83' lang='lat' dir='ltr'>BONAVILLA</span> <span class='ocrx_word' id='word_1_151' title='bbox 1145 3187 1322 3252; x_wconf 77' lang='lat' dir='ltr'>EGGLES:</span> <span class='ocrx_word' id='word_1_152' title='bbox 1345 3188 1405 3251; x_wconf 83' lang='lat' dir='ltr'><strong>DE</strong></span> <span class='ocrx_word' id='word_1_153' title='bbox 1426 3189 1622 3256; x_wconf 86' lang='lat' dir='ltr'>MARGAN.</span> 
     </span>
     <span class='ocr_line' id='line_1_19' title="bbox 621 3300 1682 3399; baseline 0.011 -22"><span class='ocrx_word' id='word_1_154' title='bbox 621 3300 625 3306; x_wconf 88' lang='grc'><strong>’</strong></span> <span class='ocrx_word' id='word_1_155' title='bbox 764 3319 891 3398; x_wconf 64' lang='lat' dir='ltr'><strong>[unm</strong></span> <span class='ocrx_word' id='word_1_156' title='bbox 914 3317 1040 3381; x_wconf 66' lang='lat' dir='ltr'><strong>orne:</strong></span> <span class='ocrx_word' id='word_1_157' title='bbox 1063 3317 1162 3380; x_wconf 80' lang='lat'>7513.</span> <span class='ocrx_word' id='word_1_158' title='bbox 1185 3321 1252 3399; x_wconf 78' lang='lat' dir='ltr'><strong>m]</strong></span> <span class='ocrx_word' id='word_1_159' title='bbox 1481 3322 1582 3387; x_wconf 71' lang='lat' dir='ltr'><strong>onor</strong></span> <span class='ocrx_word' id='word_1_160' title='bbox 1603 3327 1682 3390; x_wconf 82' lang='lat' dir='ltr'><strong>meo</strong></span> 
     </span>
     <span class='ocr_line' id='line_1_20' title="bbox 394 3448 1719 3532; baseline 0.007 -19"><span class='ocrx_word' id='word_1_161' title='bbox 394 3449 549 3514; x_wconf 83' lang='lat' dir='ltr'><strong>Omnibus</strong></span> <span class='ocrx_word' id='word_1_162' title='bbox 563 3455 674 3511; x_wconf 89' lang='lat' dir='ltr'><strong>sancte</strong></span> <span class='ocrx_word' id='word_1_163' title='bbox 687 3449 816 3511; x_wconf 88' lang='lat' dir='ltr'><strong>ecclesie</strong></span> <span class='ocrx_word' id='word_1_164' title='bbox 829 3449 902 3512; x_wconf 89' lang='lat' dir='ltr'><strong>filiis</strong></span> <span class='ocrx_word' id='word_1_165' title='bbox 916 3448 957 3512; x_wconf 87' lang='lat' dir='ltr'><strong>ad</strong></span> <span class='ocrx_word' id='word_1_166' title='bbox 971 3468 1049 3529; x_wconf 88' lang='lat' dir='ltr'><strong>quos</strong></span> <span class='ocrx_word' id='word_1_167' title='bbox 1062 3468 1192 3528; x_wconf 87' lang='lat' dir='ltr'><strong>presens</strong></span> <span class='ocrx_word' id='word_1_168' title='bbox 1206 3450 1358 3532; x_wconf 89' lang='lat' dir='ltr'><strong>scriptum</strong></span> <span class='ocrx_word' id='word_1_169' title='bbox 1378 3455 1554 3532; x_wconf 85' lang='lat' dir='ltr'><strong>pervenerit</strong></span> <span class='ocrx_word' id='word_1_170' title='bbox 1575 3457 1719 3521; x_wconf 76' lang='lat' dir='ltr'><strong>anrn-</strong></span> 
     </span>
     <span class='ocr_line' id='line_1_21' title="bbox 355 3577 1720 3652; baseline 0.007 -9"><span class='ocrx_word' id='word_1_171' title='bbox 355 3597 443 3643; x_wconf 79' lang='lat' dir='ltr'><strong>nnus</strong></span> <span class='ocrx_word' id='word_1_172' title='bbox 472 3577 511 3642; x_wconf 90' lang='lat' dir='ltr'><strong>de</strong></span> <span class='ocrx_word' id='word_1_173' title='bbox 539 3579 729 3641; x_wconf 79' lang='lat' dir='ltr'><strong>Bossvrnm</strong></span> <span class='ocrx_word' id='word_1_174' title='bbox 757 3579 841 3641; x_wconf 89' lang='lat' dir='ltr'><strong>filius</strong></span> <span class='ocrx_word' id='word_1_175' title='bbox 871 3579 1031 3642; x_wconf 78' lang='lat' dir='ltr'><strong>Jorrsrars</strong></span> <span class='ocrx_word' id='word_1_176' title='bbox 1051 3579 1090 3642; x_wconf 91' lang='lat' dir='ltr'><strong>de</strong></span> <span class='ocrx_word' id='word_1_177' title='bbox 1120 3581 1308 3644; x_wconf 80' lang='lat' dir='ltr'><strong>Bousvrnm</strong></span> <span class='ocrx_word' id='word_1_178' title='bbox 1338 3584 1481 3648; x_wconf 85' lang='lat' dir='ltr'><strong>salutem.</strong></span> <span class='ocrx_word' id='word_1_179' title='bbox 1526 3587 1639 3652; x_wconf 85' lang='lat' dir='ltr'><strong>Sciatis</strong></span> <span class='ocrx_word' id='word_1_180' title='bbox 1669 3610 1720 3652; x_wconf 92' lang='lat' dir='ltr'><strong>me</strong></span> 
     </span>
     <span class='ocr_line' id='line_1_22' title="bbox 353 3707 1720 3785; baseline 0.006 -12"><span class='ocrx_word' id='word_1_181' title='bbox 353 3707 547 3774; x_wconf 88' lang='lat' dir='ltr'><strong>concessisse</strong></span> <span class='ocrx_word' id='word_1_182' title='bbox 567 3714 599 3771; x_wconf 87' lang='lat' dir='ltr'><strong>et</strong></span> <span class='ocrx_word' id='word_1_183' title='bbox 620 3707 680 3770; x_wconf 87' lang='lat' dir='ltr'><strong>hac</strong></span> <span class='ocrx_word' id='word_1_184' title='bbox 701 3714 789 3770; x_wconf 86' lang='lat' dir='ltr'><strong>carta</strong></span> <span class='ocrx_word' id='word_1_185' title='bbox 807 3708 1009 3772; x_wconf 86' lang='lat' dir='ltr'><strong>confirmasse</strong></span> <span class='ocrx_word' id='word_1_186' title='bbox 1030 3710 1099 3772; x_wconf 91' lang='lat' dir='ltr'><strong>Deo</strong></span> <span class='ocrx_word' id='word_1_187' title='bbox 1112 3718 1146 3773; x_wconf 92' lang='lat' dir='ltr'><strong>et</strong></span> <span class='ocrx_word' id='word_1_188' title='bbox 1160 3712 1289 3774; x_wconf 88' lang='lat' dir='ltr'><strong>ecclesie</strong></span> <span class='ocrx_word' id='word_1_189' title='bbox 1313 3713 1427 3776; x_wconf 80' lang='lat' dir='ltr'><strong>Sancte</strong></span> <span class='ocrx_word' id='word_1_190' title='bbox 1449 3717 1560 3778; x_wconf 70' lang='lat' dir='ltr'><strong>Mrem</strong></span> <span class='ocrx_word' id='word_1_191' title='bbox 1576 3719 1616 3785; x_wconf 87' lang='lat' dir='ltr'><strong>de</strong></span> <span class='ocrx_word' id='word_1_192' title='bbox 1630 3721 1720 3783; x_wconf 73' lang='lat' dir='ltr'><strong>Men·</strong></span> 
     </span>
     <span class='ocr_line' id='line_1_23' title="bbox 354 3837 1720 3924; baseline 0.007 -21"><span class='ocrx_word' id='word_1_193' title='bbox 354 3857 417 3904; x_wconf 69' lang='lat' dir='ltr'><strong>sarr</strong></span> <span class='ocrx_word' id='word_1_194' title='bbox 432 3846 464 3902; x_wconf 89' lang='lat' dir='ltr'><strong>et</strong></span> <span class='ocrx_word' id='word_1_195' title='bbox 477 3837 643 3901; x_wconf 88' lang='lat' dir='ltr'><strong>monachis</strong></span> <span class='ocrx_word' id='word_1_196' title='bbox 657 3837 773 3900; x_wconf 88' lang='lat' dir='ltr'><strong>ibidem</strong></span> <span class='ocrx_word' id='word_1_197' title='bbox 786 3838 856 3900; x_wconf 88' lang='lat' dir='ltr'><strong>Deo</strong></span> <span class='ocrx_word' id='word_1_198' title='bbox 871 3839 1077 3904; x_wconf 84' lang='lat' dir='ltr'><strong>servientibus</strong></span> <span class='ocrx_word' id='word_1_199' title='bbox 1091 3841 1125 3901; x_wconf 91' lang='lat' dir='ltr'><strong>in</strong></span> <span class='ocrx_word' id='word_1_200' title='bbox 1139 3860 1251 3920; x_wconf 88' lang='lat' dir='ltr'><strong>puram</strong></span> <span class='ocrx_word' id='word_1_201' title='bbox 1265 3847 1296 3904; x_wconf 91' lang='lat' dir='ltr'><strong>et</strong></span> <span class='ocrx_word' id='word_1_202' title='bbox 1310 3851 1494 3924; x_wconf 88' lang='lat' dir='ltr'><strong>perpetuam</strong></span> <span class='ocrx_word' id='word_1_203' title='bbox 1515 3848 1720 3913; x_wconf 74' lang='lat' dir='ltr'><strong>elemosinam</strong></span> 
     </span>
     <span class='ocr_line' id='line_1_24' title="bbox 356 3969 1721 4055; baseline 0.007 -20"><span class='ocrx_word' id='word_1_204' title='bbox 356 3971 399 4035; x_wconf 93' lang='lat' dir='ltr'><strong>xl.</strong></span> <span class='ocrx_word' id='word_1_205' title='bbox 421 3990 511 4035; x_wconf 87' lang='lat' dir='ltr'><strong>acras</strong></span> <span class='ocrx_word' id='word_1_206' title='bbox 531 3978 614 4034; x_wconf 87' lang='lat' dir='ltr'><strong>terre</strong></span> <span class='ocrx_word' id='word_1_207' title='bbox 635 3969 762 4034; x_wconf 91' lang='lat' dir='ltr'><strong>arabilis</strong></span> <span class='ocrx_word' id='word_1_208' title='bbox 793 3989 872 4052; x_wconf 89' lang='lat' dir='ltr'><strong>quas</strong></span> <span class='ocrx_word' id='word_1_209' title='bbox 893 3970 932 4034; x_wconf 90' lang='lat' dir='ltr'><strong>de</strong></span> <span class='ocrx_word' id='word_1_210' title='bbox 952 3973 1126 4053; x_wconf 88' lang='lat' dir='ltr'><strong>templariis</strong></span> <span class='ocrx_word' id='word_1_211' title='bbox 1156 3979 1297 4055; x_wconf 89' lang='lat' dir='ltr'><strong>tempore</strong></span> <span class='ocrx_word' id='word_1_212' title='bbox 1326 3977 1427 4055; x_wconf 87' lang='lat' dir='ltr'><strong>patris</strong></span> <span class='ocrx_word' id='word_1_213' title='bbox 1457 3979 1520 4040; x_wconf 90' lang='lat' dir='ltr'><strong>mei</strong></span> <span class='ocrx_word' id='word_1_214' title='bbox 1550 3987 1721 4045; x_wconf 78' lang='lat' dir='ltr'><strong>tenuerimt</strong></span> 
     </span>
     <span class='ocr_line' id='line_1_25' title="bbox 353 4100 1719 4181; baseline 0.007 -16"><span class='ocrx_word' id='word_1_215' title='bbox 353 4101 513 4166; x_wconf 88' lang='lat' dir='ltr'><strong>reddendo</strong></span> <span class='ocrx_word' id='word_1_216' title='bbox 545 4100 607 4164; x_wconf 88' lang='lat' dir='ltr'><strong>illis</strong></span> <span class='ocrx_word' id='word_1_217' title='bbox 636 4100 802 4164; x_wconf 77' lang='lat' dir='ltr'><strong>annuatim</strong></span> <span class='ocrx_word' id='word_1_218' title='bbox 830 4120 887 4181; x_wconf 91' lang='lat' dir='ltr'><strong>pro</strong></span> <span class='ocrx_word' id='word_1_219' title='bbox 917 4101 1004 4164; x_wconf 92' lang='lat' dir='ltr'><strong>omni</strong></span> <span class='ocrx_word' id='word_1_220' title='bbox 1033 4103 1164 4166; x_wconf 86' lang='lat' dir='ltr'><strong>servicio</strong></span> <span class='ocrx_word' id='word_1_221' title='bbox 1192 4106 1420 4170; x_wconf 87' lang='lat' dir='ltr'><strong>consuetudine</strong></span> <span class='ocrx_word' id='word_1_222' title='bbox 1440 4115 1472 4170; x_wconf 89' lang='lat' dir='ltr'><strong>et</strong></span> <span class='ocrx_word' id='word_1_223' title='bbox 1492 4111 1655 4173; x_wconf 86' lang='lat' dir='ltr'><strong>exactione</strong></span> <span class='ocrx_word' id='word_1_224' title='bbox 1676 4114 1719 4176; x_wconf 91' lang='lat' dir='ltr'><strong>xl.</strong></span> 
     </span>
     <span class='ocr_line' id='line_1_26' title="bbox 355 4231 1721 4320; baseline 0.008 -26"><span class='ocrx_word' id='word_1_225' title='bbox 355 4231 512 4294; x_wconf 87' lang='lat' dir='ltr'><strong>denarios.</strong></span> <span class='ocrx_word' id='word_1_226' title='bbox 554 4232 626 4295; x_wconf 85' lang='lat' dir='ltr'><strong>Has</strong></span> <span class='ocrx_word' id='word_1_227' title='bbox 646 4232 689 4294; x_wconf 89' lang='lat' dir='ltr'><strong>xl.</strong></span> <span class='ocrx_word' id='word_1_228' title='bbox 711 4252 802 4296; x_wconf 86' lang='lat' dir='ltr'><strong>acras</strong></span> <span class='ocrx_word' id='word_1_229' title='bbox 823 4233 850 4296; x_wconf 89' lang='lat' dir='ltr'><strong>si</strong></span> <span class='ocrx_word' id='word_1_230' title='bbox 871 4253 928 4313; x_wconf 83' lang='lat' dir='ltr'><strong>ego</strong></span> <span class='ocrx_word' id='word_1_231' title='bbox 947 4234 987 4296; x_wconf 91' lang='lat' dir='ltr'><strong>de</strong></span> <span class='ocrx_word' id='word_1_232' title='bbox 1008 4233 1192 4316; x_wconf 81' lang='lat' dir='ltr'><strong>Templariis</strong></span> <span class='ocrx_word' id='word_1_233' title='bbox 1223 4235 1414 4300; x_wconf 86' lang='lat' dir='ltr'><strong>dirationare</strong></span> <span class='ocrx_word' id='word_1_234' title='bbox 1443 4247 1552 4320; x_wconf 88' lang='lat' dir='ltr'><strong>potero</strong></span> <span class='ocrx_word' id='word_1_235' title='bbox 1581 4243 1721 4305; x_wconf 87' lang='lat' dir='ltr'><strong>concessi</strong></span> 
     </span>
     <span class='ocr_line' id='line_1_27' title="bbox 355 4363 1722 4447; baseline 0.009 -23"><span class='ocrx_word' id='word_1_236' title='bbox 355 4369 389 4425; x_wconf 90' lang='lat' dir='ltr'><strong>et</strong></span> <span class='ocrx_word' id='word_1_237' title='bbox 409 4363 591 4425; x_wconf 79' lang='lat' dir='ltr'><strong>confirmavi</strong></span> <span class='ocrx_word' id='word_1_238' title='bbox 610 4363 759 4444; x_wconf 85' lang='lat' dir='ltr'><strong>predictis</strong></span> <span class='ocrx_word' id='word_1_239' title='bbox 779 4363 942 4426; x_wconf 87' lang='lat' dir='ltr'><strong>monachis</strong></span> <span class='ocrx_word' id='word_1_240' title='bbox 962 4365 1191 4447; x_wconf 90' lang='lat' dir='ltr'><strong>imperpetuum</strong></span> <span class='ocrx_word' id='word_1_241' title='bbox 1214 4368 1368 4430; x_wconf 87' lang='lat' dir='ltr'><strong>tenendas</strong></span> <span class='ocrx_word' id='word_1_242' title='bbox 1382 4377 1414 4431; x_wconf 87' lang='lat' dir='ltr'><strong>et</strong></span> <span class='ocrx_word' id='word_1_243' title='bbox 1427 4370 1591 4434; x_wconf 86' lang='lat' dir='ltr'><strong>habendas</strong></span> <span class='ocrx_word' id='word_1_244' title='bbox 1610 4373 1650 4436; x_wconf 93' lang='lat' dir='ltr'><strong>de</strong></span> <span class='ocrx_word' id='word_1_245' title='bbox 1669 4393 1722 4436; x_wconf 88' lang='lat' dir='ltr'><strong>ma</strong></span> 
     </span>
     <span class='ocr_line' id='line_1_28' title="bbox 355 4491 1719 4579; baseline 0.01 -25"><span class='ocrx_word' id='word_1_246' title='bbox 355 4499 387 4554; x_wconf 93' lang='lat' dir='ltr'><strong>et</strong></span> <span class='ocrx_word' id='word_1_247' title='bbox 408 4491 575 4556; x_wconf 87' lang='lat' dir='ltr'><strong>heredibus</strong></span> <span class='ocrx_word' id='word_1_248' title='bbox 594 4495 673 4557; x_wconf 89' lang='lat' dir='ltr'><strong>meis</strong></span> <span class='ocrx_word' id='word_1_249' title='bbox 693 4495 790 4557; x_wconf 87' lang='lat' dir='ltr'><strong>libere</strong></span> <span class='ocrx_word' id='word_1_250' title='bbox 810 4495 914 4576; x_wconf 90' lang='lat' dir='ltr'><strong>qniets</strong></span> <span class='ocrx_word' id='word_1_251' title='bbox 936 4503 968 4558; x_wconf 94' lang='lat' dir='ltr'><strong>et</strong></span> <span class='ocrx_word' id='word_1_252' title='bbox 988 4498 1117 4578; x_wconf 89' lang='lat' dir='ltr'><strong>pacifice</strong></span> <span class='ocrx_word' id='word_1_253' title='bbox 1138 4505 1170 4562; x_wconf 87' lang='lat' dir='ltr'><strong>at</strong></span> <span class='ocrx_word' id='word_1_254' title='bbox 1190 4499 1330 4579; x_wconf 87' lang='lat' dir='ltr'><strong>plenarie</strong></span> <span class='ocrx_word' id='word_1_255' title='bbox 1351 4500 1433 4562; x_wconf 87' lang='lat' dir='ltr'><strong>sicut</strong></span> <span class='ocrx_word' id='word_1_256' title='bbox 1454 4509 1550 4565; x_wconf 83' lang='lat' dir='ltr'><strong>antea</strong></span> <span class='ocrx_word' id='word_1_257' title='bbox 1570 4503 1609 4566; x_wconf 91' lang='lat' dir='ltr'><strong>de</strong></span> <span class='ocrx_word' id='word_1_258' title='bbox 1630 4506 1719 4568; x_wconf 82' lang='lat' dir='ltr'><strong>Tem·</strong></span> 
     </span>
    </p>
   </div>
   <div class='ocr_carea' id='block_1_5' title="bbox 356 4621 1721 4718">
    <p class='ocr_par' dir='ltr' id='par_1_5' title="bbox 356 4621 1721 4718">
     <span class='ocr_line' id='line_1_29' title="bbox 356 4621 1721 4718; baseline 0.012 -34"><span class='ocrx_word' id='word_1_259' title='bbox 356 4621 463 4702; x_wconf 89' lang='lat' dir='ltr'><strong>plariis</strong></span> <span class='ocrx_word' id='word_1_260' title='bbox 492 4627 660 4686; x_wconf 87' lang='lat' dir='ltr'><strong>tenuerunt</strong></span> <span class='ocrx_word' id='word_1_261' title='bbox 690 4623 810 4688; x_wconf 87' lang='lat' dir='ltr'><strong>scillcet</strong></span> <span class='ocrx_word' id='word_1_262' title='bbox 838 4624 997 4690; x_wconf 88' lang='lat' dir='ltr'><strong>reddendo</strong></span> <span class='ocrx_word' id='word_1_263' title='bbox 1025 4627 1102 4690; x_wconf 87' lang='lat' dir='ltr'><strong>mihi</strong></span> <span class='ocrx_word' id='word_1_264' title='bbox 1123 4635 1156 4690; x_wconf 90' lang='lat' dir='ltr'><strong>et</strong></span> <span class='ocrx_word' id='word_1_265' title='bbox 1176 4628 1343 4694; x_wconf 88' lang='lat' dir='ltr'><strong>heredibus</strong></span> <span class='ocrx_word' id='word_1_266' title='bbox 1372 4630 1451 4696; x_wconf 89' lang='lat' dir='ltr'><strong>meis</strong></span> <span class='ocrx_word' id='word_1_267' title='bbox 1476 4635 1642 4698; x_wconf 82' lang='lat' dir='ltr'><strong>annuatim</strong></span> <span class='ocrx_word' id='word_1_268' title='bbox 1662 4655 1721 4718; x_wconf 84' lang='lat' dir='ltr'><strong>pro</strong></span> 
     </span>
    </p>
   </div>
   <div class='ocr_carea' id='block_1_6' title="bbox 0 0 1999 5502">
    <p class='ocr_par' dir='ltr' id='par_1_6' title="bbox 0 0 1999 5502">
     <span class='ocr_line' id='line_1_30' title="bbox 0 0 1999 5502; baseline 0 0"><span class='ocrx_word' id='word_1_269' title='bbox 0 0 1999 5502; x_wconf 95' lang='lat' dir='ltr'><strong> </strong></span> 
     </span>
    </p>
   </div>
  </div>
 </body>
</html>
