3986 5502
1521 661 1579 724 165

244 962 313 1026 luni
325 961 401 1028 dedi
413 971 446 1026 et
460 963 601 1028 concessi
614 971 647 1028 et
660 964 721 1028 huo
735 966 875 1046 presenti
888 972 977 1029 carta
990 983 1061 1028 mee
1075 963 1259 1030 confirmavi
1270 965 1437 1029 Wsnnnao
1450 965 1490 1028 de
1504 964 1619 1030 Brenn

242 1091 410 1157 dimidium
430 1111 537 1157 soram
561 1095 645 1175 prati
670 1113 744 1157 cum
768 1093 971 1176 pertinenciis
996 1093 1062 1159 suis
1087 1092 1127 1158 de
1152 1093 1250 1158 litero
1275 1099 1459 1159 tenemento
1484 1112 1556 1158 mec
1584 1094 1619 1158 in

244 1223 389 1289 mmeric
401 1224 441 1287 de
454 1224 647 1288 Dmssrors.
688 1223 757 1303 Que
776 1223 904 1307 quidem
922 1222 1053 1288 dimidia
1072 1243 1146 1287 sors
1158 1241 1230 1288 cum
1243 1222 1445 1307 pertinenciis
1456 1223 1522 1287 suis
1534 1224 1619 1304 iacet

246 1333 341 1434 iuxta
353 1360 480 1436 pratum
499 1373 633 1436 persone
657 1355 706 1418 Sti
720 1356 857 1418 Arum
877 1353 918 1418 de
938 1354 1122 1420 Dusssrors
1142 1352 1262 1419 scilicet
1285 1371 1325 1419 ex
1347 1359 1438 1438 perte
1460 1353 1616 1418 orientali.

247 1482 435 1547 Tenendum
453 1491 486 1548 et
506 1485 686 1550 habendam
704 1484 745 1550 da
764 1505 816 1550 me
836 1491 870 1550 et
888 1485 1057 1550 heredibus
1075 1484 1155 1551 meis
1182 1483 1233 1550 vel
1260 1485 1429 1569 adpetis
1454 1484 1533 1550 meis
1559 1483 1619 1549 esci

248 1620 282 1677 et
301 1613 471 1678 herodius
490 1615 556 1680 suis
575 1617 626 1680 vel
649 1615 818 1699 assignatis
839 1615 904 1680 suis
924 1617 1020 1680 libere
1040 1615 1145 1700 quiete
1164 1615 1296 1700 paoidce
1316 1615 1436 1698 integre
1449 1621 1483 1679 et
1496 1613 1617 1679 heredi·

245 1743 339 1809 taris.
381 1743 553 1809 Reddendo
572 1745 647 1811 inde
666 1747 832 1811 annuatim
844 1747 942 1811 michi
955 1753 987 1811 et
1001 1745 1169 1812 temnens
1187 1745 1267 1812 meis
1279 1746 1331 1811 vel
1350 1743 1519 1828 adgnati
1539 1743 1618 1809 meis

248 1893 349 1938 unam
368 1893 474 1940 rosam
493 1875 527 1939 in
546 1876 629 1941 testo
648 1876 824 1941 nativitatis
851 1875 938 1940 beati
963 1877 1124 1941 domums
1153 1875 1291 1959 baptiste
1311 1893 1368 1958 pro
1387 1873 1533 1940 omnibus
1557 1893 1621 1940 ser·

246 2005 339 2070 viciis
369 2007 503 2088 querelis
533 2005 814 2072 consuetudinibus
845 2005 941 2070 metis
973 2005 1132 2070 curiarum
1159 2012 1192 2070 et
1220 2005 1386 2071 demendis
1415 2005 1617 2070 secularibus.

249 2137 313 2201 Pro
326 2136 390 2200 hiis
404 2143 511 2200 entem
523 2136 693 2200 donatione
706 2136 907 2201 concessione
921 2143 953 2200 et
967 2141 1054 2201 carte
1061 2155 1131 2202 mee
1144 2135 1382 2202 confirmatione
1394 2135 1482 2201 dedit
1496 2135 1616 2217 [michi]
1655 2115 1661 2126 ⁸

248 2267 413 2350 predictus
433 2266 620 2330 wentanus
639 2265 680 2330 de
700 2265 818 2330 mour
842 2265 952 2329 decem
979 2266 1097 2330 solidos
1124 2265 1344 2348 sterlingorum
1368 2264 1571 2350 premunibus
1590 2267 1624 2329 iu

248 2397 405 2478 inmssu
441 2397 509 2478 Ego
522 2415 596 2460 vere
609 2397 751 2477 prefatus
770 2395 854 2461 filius
874 2396 1118 2460 omanorum
1131 2401 1164 2461 et
1177 2394 1310 2460 heredes
1322 2394 1385 2460 mei
1398 2394 1449 2460 vel
1469 2394 1623 2478 assignati

248 2525 427 2608 predictum
439 2525 602 2589 dimidiam
614 2545 721 2590 acrem
734 2527 818 2608 preti
830 2546 903 2590 cum
915 2527 1117 2610 pertinenciis
1129 2525 1271 2609 predicto
1284 2527 1452 2592 witerne
1459 2525 1499 2591 de
1507 2491 1625 2591 iinunr

249 2663 284 2720 ct
303 2655 474 2720 madibus
493 2655 560 2720 suis
578 2657 629 2719 vel
649 2655 818 2737 magnatis
838 2655 904 2720 suis
924 2655 1149 2750 inperpetuum
1163 2661 1276 2721 contra
1295 2673 1405 2721 omues
1424 2654 1569 2720 homines
1590 2662 1623 2718 et

250 2785 389 2850 feminas
408 2786 615 2850 wmfinare
635 2786 814 2870 acquietare
834 2793 866 2850 et
886 2785 1053 2850 defendere
1073 2786 1234 2851 debemus.
1276 2785 1321 2850 Et
1341 2792 1378 2850 ut
1398 2786 1457 2849 hec
1477 2804 1551 2850 mea
1569 2785 1623 2848 dc-

248 2915 339 2978 uatio
359 2915 522 2978 concessio
540 2921 573 2979 et
592 2921 680 2979 carte
699 2933 769 2980 mee
788 2915 988 3014 confirmacio
1007 2921 1076 2979 rate
1097 2925 1129 2980 et
1155 2915 1285 2980 stabiles
1304 2921 1512 2999 permaneant
1540 2916 1624 2980 hanc

249 3051 432 3128 presentem
451 3053 574 3110 cumam
600 3045 694 3130 sigilii
718 3045 781 3112 mei
810 3045 1014 3129 impressione
1039 3045 1193 3110 roboravi.
1235 3045 1309 3110 Hiis
1334 3045 1469 3110 testibus
1497 3045 1625 3110 domino

248 3177 409 3241 Rosnno
427 3177 467 3241 de
488 3176 621 3241 Sonmnr
660 3177 845 3241 Wmnnmso
865 3176 905 3242 de
925 3176 1039 3241 ΒΑΜ
1078 3177 1226 3243 mosem
1246 3176 1286 3242 de
1307 3179 1420 3244 doceri
1454 3179 1622 3244 wimaro

247 3309 290 3375 de
310 3308 422 3374 Cosas
462 3309 650 3392 Wmnnnrrc
667 3309 731 3372 dlio
752 3310 908 3374 Anwsam
928 3315 961 3373 at
980 3308 1089 3374 multis
1110 3309 1191 3375 aliis.

892 3698 1066 3766 CLXXVI.

390 3828 528 3895 cente
548 3829 750 3894 wantum
771 3827 832 3893 DE
851 3828 1003 3894 BEGNY
1021 3827 1220 3895 sonsum
1241 3829 1302 3894 Dii
1323 3827 1483 3895 REGNY.

721 3961 824 4041 [Anur
847 3959 974 4024 cunm:
995 3959 1045 4023 24.
1067 3957 1158 4040 tea]

297 4087 406 4154 Sciant
432 4095 596 4172 presentes
621 4097 654 4154 et
678 4090 777 4155 iuturi
803 4091 888 4175 quod
907 4109 965 4174 ego
994 4091 1181 4155 Wsnrunue
1201 4087 1240 4152 de
1266 4087 1383 4153 asem
1420 4083 1567 4149 dominus
1587 4084 1627 4151 de

255 4221 503 4286 Mrcnmncwn
523 4221 596 4286 dedi
608 4229 641 4285 et
655 4221 796 4287 concessi
808 4229 842 4286 et
854 4221 916 4286 hac
935 4220 1075 4305 presenti
1094 4226 1184 4284 carta
1195 4237 1268 4284 mea
1280 4216 1463 4283 confirmed
1483 4216 1505 4281 J
1504 4233 1627 4282 omns

255 4351 427 4418 deBncsr
446 4371 545 4416 uuam
564 4357 876 4435 scrametqucrtam
894 4357 1018 4434 partem
1037 4350 1216 4416 uniusacre
1233 4345 1404 4432 praticum
1422 4347 1626 4433 pertinenciis

255 4481 291 4546 in
310 4481 402 4546 iecdo
415 4480 454 4545 de
477 4483 683 4548 Drussrcwrs
701 4501 768 4548 aua
786 4501 860 4548 vero
879 4483 1010 4547 dimidia
1029 4481 1155 4548 acreda
1167 4487 1260 4565 prato
1280 4479 1421 4564 predicto
1440 4480 1526 4564 iacet
1540 4481 1624 4562 apud

257 4609 476 4678 monendus
496 4618 529 4676 et
542 4611 601 4675 tuit
621 4612 781 4696 quondam
801 4613 1044 4704 Omnem
1071 4613 1280 4698 cepsuerint
1300 4613 1430 4680 dimidio
1459 4631 1534 4680 scra
1553 4629 1626 4678 oum
