3974 5500
426 607 464 668 10

388 909 421 966 et
442 910 631 967 conventum
653 903 701 968 Sti
729 905 831 968 Purm
862 905 993 969 Gnenc:
1023 912 1056 969 et
1076 905 1238 970 dominum
1266 907 1448 971 Romanus
1476 906 1748 981 Herennianum

383 1031 617 1098 Incarnationis
637 1033 810 1099 Dominicn
831 1051 961 1109 noxum,
972 1033 1098 1099 infeste
1110 1036 1204 1101 Beati
1225 1035 1421 1113 tironianis,
1441 1035 1525 1120 quod
1543 1054 1601 1120 ego
1621 1035 1747 1100 Rorn-

383 1178 445 1226 rus
464 1161 622 1226 Hmnnro
640 1163 744 1246 recepi
763 1164 940 1236 manerium
959 1163 999 1227 de
1019 1165 1173 1228 Taureos
1192 1165 1226 1228 in
1248 1165 1488 1242 (iunonem,
1509 1185 1582 1230 cum
1601 1172 1687 1228 terra
1706 1162 1745 1228 ds

383 1282 536 1358 Persou,
557 1289 682 1348 etcum
702 1283 773 1348 aliis
793 1285 885 1348 terris
913 1291 946 1348 et
974 1285 1146 1349 redditibus
1176 1285 1321 1351 omnibus
1349 1286 1390 1352 ad
1417 1287 1537 1352 dictum
1564 1285 1740 1350 manerium

278 1499 283 1508 '
388 1409 629 1491 pertinentibus,
658 1417 691 1474 et
719 1411 884 1476 ecclesiam
911 1413 951 1477 de
978 1413 1184 1491 manvus,
1213 1435 1286 1478 cnm
1304 1415 1449 1482 domibus
1468 1423 1501 1481 et
1521 1415 1693 1497 cnrtilagiis
1712 1421 1746 1478 st

384 1542 514 1606 decimis
534 1542 575 1607 ad
596 1543 714 1608 dictam
742 1543 908 1608 ecclesiam
939 1543 1168 1625 spectantibus,
1198 1545 1238 1608 de
1266 1546 1359 1610 dictis
1387 1546 1501 1611 abbate
1521 1553 1555 1610 et
1574 1543 1748 1619 monachis,

385 1672 535 1753 nequead
546 1673 715 1736 terminum
735 1672 940 1755 quinquennii
961 1673 1131 1755 sequentis,
1151 1693 1208 1755 pro
1228 1673 1450 1756 quaterviginti
1469 1674 1557 1737 libris
1577 1673 1744 1754 argenteis.

424 1801 479 1866 Ita
497 1801 580 1882 quod
600 1801 628 1864 si
646 1807 840 1865 memoratus
860 1800 958 1865 abbas
977 1801 1077 1882 possit
1096 1802 1148 1865 vel
1166 1801 1242 1865 velit
1270 1801 1389 1866 dictam
1408 1802 1575 1884 pecuniam
1593 1800 1672 1864 mibi
1690 1798 1741 1863 rel

385 1930 475 1994 uxori
494 1951 574 1995 men
593 1931 644 1995 vel
663 1929 830 1994 heredibus
849 1929 930 1992 meis
948 1936 1023 1993 ante
1041 1930 1198 2011 prefatum
1226 1931 1395 1995 terminum
1415 1931 1600 2013 persolvere,
1621 1947 1746 2010 compu-

387 2067 456 2124 tato
476 2059 704 2124 rationabiliter
723 2057 888 2121 commodo
907 2077 1012 2120 rerum
1031 2066 1229 2140 receptarum
1240 2068 1379 2141 exparte
1399 2079 1472 2123 mea
1482 2079 1491 2134 3
1513 2058 1681 2123 dummodo
1700 2058 1747 2120 iu·

389 2187 450 2251 erit
469 2188 548 2251 mihi
567 2188 617 2252 vel
637 2187 716 2251 meis
736 2185 945 2261 satisfactum,
972 2195 1072 2267 egoet
1089 2187 1221 2251 heredes
1240 2189 1303 2252 mci
1323 2188 1440 2270 absque
1460 2189 1546 2250 omni
1566 2187 1749 2250 difficultate

382 2317 503 2382 dictum
522 2317 699 2379 manerium
718 2315 757 2377 de
777 2315 931 2377 Taureos·
949 2321 982 2378 et
1002 2314 1158 2397 prefatam
1178 2317 1343 2381 ecclesiam
1372 2337 1445 2380 cum
1464 2317 1609 2381 omnibus
1629 2333 1739 2396 preno-

384 2437 515 2508 minatis
534 2445 627 2508 dictis
647 2419 754 2512 abbati
773 2455 807 2512 et
827 2447 996 2512 conventui
1016 2446 1229 2509 restituemus.

424 2574 532 2656 Huius
552 2571 877 2641 conventionistestes
898 2575 1138 2652 suut,d0minus
1158 2575 1363 2640 Wmnnnuns
1384 2595 1489 2640 cernes
1509 2576 1747 2642 Gnouonsrsun

386 2710 418 2768 et
439 2710 525 2769 totus
546 2705 715 2770 comitatus
734 2705 774 2770 de
795 2705 945 2770 Ksmnm

1011 3007 1129 3071 XXIV.

886 3136 945 3200 Dm
966 3135 1234 3200 LANGARVAN.

750 3263 875 3346 [caan
899 3265 955 3330 sn
974 3265 1077 3328 Parni
1097 3266 1229 3330 Gnoso:
1251 3283 1285 3328 11.
1309 3265 1380 3346 12]
1563 3269 1730 3333 1149-79.

433 3417 752 3499 N[ronemns]‚Dsi
772 3417 1110 3500 muchaniensem
1131 3417 1270 3482 ecclesis
1278 3417 1422 3483 minister
1441 3417 1580 3496 humilis,
1600 3421 1746 3486 omm'bue

385 3548 426 3614 sd
445 3569 524 3632 quos
543 3550 658 3614 litterae
677 3547 748 3613 istm
767 3547 977 3630 pervenerint,
999 3547 1135 3610 salutem
1153 3547 1188 3608 in
1208 3546 1356 3611 Domino.

425 3680 546 3745 Notum
565 3678 653 3745 vobis
673 3677 815 3751 iacimus,
836 3676 920 3759 quod
947 3675 1105 3742 Uarenus
1133 3674 1371 3739 archidiaconns
1390 3683 1499 3740 noster
1518 3677 1745 3742 Lsnnsvnasrs

384 3809 502 3893 recepit
530 3829 551 3874 a
577 3807 706 3872 domino
734 3807 848 3871 abbata
876 3805 1114 3870 Gnonnnsumm
1142 3805 1322 3868 Hmnmo
1349 3805 1524 3868 custodiam
1544 3809 1684 3872 ecclesis
1703 3810 1743 3873 de

387 3941 593 4016 miremur,
613 3957 688 4003 cum
714 3936 860 4001 omnibns
878 3933 1078 4017 pertinentiis
1105 3933 1181 4008 suis,
1210 3933 1349 4016 exceptis
1377 3934 1506 3998 decimis
1526 3937 1565 4000 de
1585 3938 1745 4013 Taureos.

384 4089 442 4153 pro
462 4070 628 4151 senginta
655 4067 763 4132 solidis
782 4087 839 4150 per
858 4086 988 4140 annum,
1020 4071 1052 4129 st
1081 4065 1176 4128 tactis
1205 4064 1420 4129 sacrosanctis
1447 4067 1639 4147 Evangeliis‚
1660 4074 1693 4130 et
1712 4066 1746 4130 in

263 4187 265 4196 ¹
385 4197 489 4262 Verbo
508 4197 892 4278 Veritatiesejuramento
912 4193 1109 4268 constrinxit,
1131 4192 1214 4274 quod
1233 4191 1335 4257 tidelis
1353 4193 1413 4257 an't
1428 4197 1620 4260 monasterio
1640 4196 1746 4261 Gnou-

384 4343 538 4400 onsnnm,
560 4332 593 4390 et
613 4325 695 4409 quod
715 4343 774 4389 nec
794 4330 905 4399 artem,
926 4343 985 4388 nec
1004 4322 1165 4406 ingenium
1185 4321 1335 4404 exquiret,
1366 4341 1428 4403 quo
1448 4342 1504 4404 per
1531 4331 1677 4389 tenuram
1696 4344 1746 4388 su·

387 4477 440 4522 am
459 4455 687 4520 monasterinm
706 4453 891 4536 pradictum
911 4452 1037 4535 uliquod
1056 4451 1281 4516 detrimentum
1309 4451 1460 4526 incurrat,
1482 4459 1515 4516 st
1535 4455 1618 4536 qnod
1637 4453 1747 4536 praia-

387 4593 456 4649 tum
475 4605 605 4650 censum
624 4583 759 4649 fideliter
778 4583 933 4666 persolvet
954 4582 1120 4647 aunuatim
1139 4581 1202 4645 hiis
1221 4581 1375 4656 terminis,
1395 4579 1650 4649 medietatcmad
1670 4585 1745 4648 Pas·

386 4717 456 4791 cha,
478 4724 510 4781 et
531 4715 733 4781 medietatem
753 4713 794 4778 ad
814 4714 931 4779 festum
962 4711 1070 4777 Sancti
1100 4711 1294 4775 ureniana.
1336 4711 1460 4776 duravit
1491 4712 1588 4778 etiam
1617 4715 1699 4796 quod
1719 4715 1748 4782 si
