3986 5502
813 1081 995 1150 CXXVIII.

306 1220 537 1286 OONOESSIO
556 1217 681 1280 WHsIr:
702 1217 758 1280 Dll
779 1217 925 1279 REGNY
944 1214 1159 1278 JOHANNAE
1180 1214 1236 1276 LA
1255 1215 1500 1282 BO'lIthlRll.

643 1351 770 1433 [Hisne
792 1347 911 1412 Ouum:
931 1351 971 1408 55
991 1369 1018 1408 n.
1039 1348 1109 1428 42]
1272 1368 1363 1412 ernon
1384 1353 1552 1414 1250—60.

267 1487 384 1550 Notum
404 1488 446 1549 eit
463 1485 603 1548 omuibus
622 1487 663 1546 ed
683 1505 758 1564 quos
777 1503 910 1564 presens
929 1482 1076 1566 seriptum
1101 1481 1277 1561 pervenerit
1296 1485 1377 1562 quod
1398 1483 1594 1546 Wrnnuuuue

227 1621 265 1682 de
289 1619 403 1680 Reuss
432 1617 522 1680 dedit
548 1615 697 1678 eoncessit
725 1619 756 1676 et
780 1615 837 1676 hoe
861 1613 1001 1694 presenti
1028 1612 1141 1692 seripho
1169 1613 1356 1675 eondrmovit
1384 1616 1537 1678 domurn
1559 1617 1589 1676 lo

228 1749 406 1812 Bormum
426 1768 482 1828 pro
501 1747 626 1810 servicio
646 1767 700 1808 suo
718 1749 816 1806 totum
835 1745 1000 1806 manerium
1027 1744 1065 1806 de
1091 1743 1285 1804 Bueeunnnn
1307 1766 1375 1828 enm
1399 1747 1594 1809 edvooeeione

229 1881 358 1942 eeeleeire
377 1879 506 1960 predicti
524 1878 650 1940 menesii
677 1876 824 1956 homagiis
851 1875 1044 1936 fidelitatibus
1063 1875 1183 1936 villenis
1203 1895 1272 1937 eum
1293 1896 1396 1938 eorum
1414 1878 1541 1956 sequelis
1562 1883 1593 1939 et

231 2013 346 2073 estullie
365 2011 532 2072 redditibus
551 2009 685 2070 servioiie
705 2009 794 2070 sectis
813 2009 963 2070 euriurum
982 2008 1100 2070 releviis
1128 2008 1249 2069 euxiliis
1275 2009 1397 2088 guurdis
1425 2009 1593 2088 mmitegiis

230 2143 352 2204 mm
372 2146 404 2202 et
423 2140 599 2202 omnimodis
618 2140 707 2200 rebus
727 2144 759 2200 et
777 2139 976 2219 pertinenciis.
999 2139 1170 2200 Tenendum
1199 2143 1231 2200 et
1257 2139 1426 2200 habendum
1454 2139 1595 2220 predicte

228 2272 382 2334 Jomllae
403 2275 434 2332 et
453 2269 611 2331 heredibus
631 2269 694 2330 suis
713 2269 751 2328 de
771 2288 859 2330 eume
879 2287 932 2330 suo
951 2268 1087 2348 legitime
1105 2270 1268 2348 procreetis
1291 2270 1329 2330 de
1351 2270 1486 2348 predicto
1507 2269 1594 2332 Wri-

229 2419 332 2464 nunno
354 2405 385 2462 et
404 2400 563 2461 heredibus
582 2399 645 2461 suis
664 2399 758 2460 libere
777 2399 875 2478 quiete
894 2399 1011 2478 integre
1039 2399 1114 2460 bene
1133 2405 1165 2460 et
1191 2401 1224 2460 in
1248 2419 1322 2479 paee
1346 2401 1378 2461 in
1407 2406 1593 2482 perpetuum.

229 2533 266 2593 ln
284 2532 344 2593 viis
364 2531 396 2590 in
416 2529 530 2592 semitis
550 2487 583 2588 iu
601 2529 696 2609 pretis
716 2533 748 2590 et
766 2528 899 2608 pasturis
918 2529 951 2588 in
969 2529 1062 2590 morie
1081 2534 1113 2590 et
1132 2530 1268 2592 meriscis
1288 2531 1320 2589 iu
1339 2531 1439 2592 boseie
1458 2531 1490 2589 iu
1510 2531 1595 2610 equis

228 2666 260 2724 in
279 2663 415 2743 piseeriis
434 2663 466 2723 in
485 2661 617 2722 muleriis
637 2667 670 2722 et
691 2663 724 2721 in
751 2662 888 2724 omuibus
916 2662 1109 2724 libertatibus
1129 2665 1163 2724 et
1189 2663 1293 2724 liberis
1318 2663 1596 2724 eonsuetudimhus.

229 2793 405 2856 Reddendo
425 2793 499 2854 inde
518 2791 676 2852 annuutim
701 2791 787 2853 dieto
814 2791 992 2852 W1nnnurso
1013 2811 1102 2871 quem
1133 2791 1187 2853 diu
1206 2791 1319 2852 vixerit
1347 2792 1475 2871 triginta
1503 2792 1598 2854 libres

227 2925 444 3002 sterlingorum
465 2923 505 2984 od
526 2923 604 2983 duos
623 2920 694 2980 unni
715 2920 861 2982 terminos
880 2919 1031 2982 videlieet
1052 2921 1090 2980 ed
1109 2920 1226 2982 festum
1241 2919 1291 2982 Sti
1303 2920 1484 2982 Mreuunnrs
1510 2923 1595 3002 qnin-

230 3055 328 3116 decim
346 3053 440 3114 libres
455 3051 519 3133 [et]
536 3053 576 3112 ed
590 3051 709 3112 Poeehn
729 3051 863 3130 proxime
878 3071 1005 3130 sequeus
1018 3050 1190 3130 quindecim
1211 3051 1313 3112 libros.
1353 3052 1396 3113 Et
1408 3058 1477 3130 post
1496 3055 1600 3117 deees·

230 3205 297 3247 sum
317 3183 395 3244 dicti
416 3183 590 3243 Wmnnnux
609 3181 774 3270 heredibus
794 3181 856 3241 suis
876 3181 1031 3241 aunuatim
1049 3200 1142 3240 unum
1163 3181 1319 3242 demrium
1338 3183 1379 3242 ed
1399 3181 1522 3244 Pusam
1541 3205 1599 3264 pro

231 3315 372 3378 omnibus
410 3311 545 3374 serviciis
574 3311 759 3374 eeoulnribus
786 3311 880 3372 sectis
907 3311 1059 3372 curiarum
1095 3311 1228 3390 querelis
1255 3313 1375 3375 auxiliis
1405 3317 1598 3378 eonsuetudi-

231 3444 553 3508 memoremus
582 3444 674 3505 ene
693 3443 830 3504 servicis
860 3444 1038 3522 aseensus
1058 3421 1190 3505 domne
1209 3446 1250 3504 se
1279 3445 1391 3507 eneam
1411 3446 1506 3509 eodo
1526 3448 1601 3510 inde

231 3577 345 3639 debitis
371 3579 404 3637 et
431 3574 593 3636 consuetis.
636 3573 724 3634 Etsi
751 3575 911 3652 eontinget
939 3575 1021 3653 qnod
1041 3573 1180 3653 predicte
1207 3573 1355 3637 Joulsul
1382 3575 1464 3638 ἰωὴ
1493 3579 1601 3640 deeee·

230 3707 306 3770 serit
334 3707 399 3767 eine
419 3705 532 3766 herede
554 3705 594 3766 de
615 3723 704 3766 earne
725 3724 779 3764 sna
798 3705 935 3784 legitime
956 3709 1114 3784 procreetu
1135 3707 1285 3769 eoneeeeit
1304 3727 1378 3769 vero
1390 3709 1493 3770 dietus
1512 3708 1598 3770 wiu-

232 3855 354 3900 uunrrus
375 3838 456 3916 quod
480 3836 656 3915 predictum
684 3836 852 3896 manerium
883 3856 951 3897 cum
984 3837 1180 3916 pertinenciis
1208 3838 1270 3900 suis
1298 3843 1334 3899 ut
1357 3839 1530 3918 predictum
1551 3845 1599 3902 eet

233 3970 353 4048 integre
381 3972 537 4030 remanent
556 3966 710 4027 Iouem
736 3967 799 4029 filie
821 3967 903 4029 diote
931 3967 1085 4029 sonim
1116 3975 1149 4030 et
1176 3969 1341 4031 heredibus
1369 3970 1430 4030 euis
1458 3971 1510 4030 vel
1540 3971 1603 4034 suis

230 4097 392 4178 sedgnetis
429 4117 485 4176 per
523 4097 663 4175 predicte
695 4097 822 4158 servicio
854 4098 888 4156 in
913 4103 1102 4178 perpetuum
1159 4098 1266 4159 Dietus
1293 4119 1367 4162 vero
1397 4099 1597 4163 Wrnnuurtue

232 4231 276 4290 de
303 4227 417 4288 Reuss
438 4229 471 4286 et
489 4226 623 4286 heredes
642 4225 688 4285 sui
707 4225 785 4286 hune
805 4227 1003 4290 deustionem
1022 4230 1248 4291 concessionem
1268 4234 1301 4290 et
1319 4230 1474 4308 presentis
1494 4229 1603 4313 scripti

234 4358 496 4421 confirmetionem
517 4355 608 4417 dietis
635 4354 788 4451 Jopluuae
808 4357 840 4417 le
858 4357 1036 4419 Bormum
1064 4361 1117 4420 vel
1144 4358 1297 4420 domnus
1318 4361 1389 4422 lilite
1409 4381 1472 4424 suae
1493 4370 1527 4426 et
1547 4387 1597 4429 eo-

231 4510 301 4551 rum
318 4488 485 4550 heredibus
505 4491 539 4548 et
566 4485 726 4566 assignetis
745 4490 782 4546 ut
803 4487 1009 4565 supradictum
1029 4491 1077 4548 eet
1095 4486 1177 4548 seete
1210 4489 1339 4552 servicio
1366 4497 1472 4554 eontm
1498 4516 1603 4559 omnes

228 4623 377 4682 mortales
405 4618 667 4680 woruutiuebimus
687 4615 891 4679 defendemus
912 4621 945 4678 et
963 4619 1198 4698 oequielsbimus
1217 4620 1249 4680 in
1268 4629 1456 4701 perpetuum
1494 4625 1532 4686 In
1552 4645 1602 4688 en-

225 4752 283 4832 jus
301 4751 348 4815 rei
367 4747 582 4814 testimonium
601 4746 735 4826 predicti
754 4745 950 4810 Wrnnrnrrue
970 4747 1011 4810 de
1031 4748 1144 4813 Enseu
1164 4754 1198 4813 et
1216 4749 1361 4815 Jomsl
1381 4755 1413 4817 lo
1427 4753 1605 4816 Bormnrnr
