3986 5502
971 1215 1085 1284 cxv1.

566 1343 628 1412 Du
646 1343 793 1415 FEODO
813 1345 953 1413 uums
973 1343 1144 1412 amma
1163 1341 1213 1411 nt
1235 1341 1476 1409 mntem.

813 1476 910 1558 [Rom
930 1474 970 1540 de
990 1475 1067 1540 nm:
1088 1493 1118 1540 r.
1140 1475 1228 1554 635.]
1377 1474 1417 1536 te
1435 1470 1555 1537 iehan:
1576 1469 1665 1536 1214.

387 1603 600 1670 smmum.
640 1603 835 1694 annsnus
855 1603 939 1670 filius
958 1603 1105 1668 Menum
1131 1603 1188 1668 dat
1207 1622 1229 1667 x
1249 1621 1373 1668 mareas
1399 1609 1436 1667 ut
1465 1601 1566 1685 possit
1595 1601 1707 1667 deduci

346 1733 520 1800 seeundum
539 1735 798 1800 consuetudinem
811 1735 951 1800 Honoris
963 1736 1004 1799 de
1018 1736 1221 1800 (immonem
1234 1734 1275 1798 de
1287 1734 1379 1798 feodo
1392 1733 1486 1798 unius
1505 1733 1615 1797 militis
1633 1753 1707 1798 eum

347 1851 550 1946 permunitis
578 1863 613 1929 in
643 1863 812 1948 Kaiingan
841 1864 926 1931 unde
955 1864 1066 1930 dieunt
1094 1863 1178 1948 qued
1208 1863 1382 1930 anntus
1409 1869 1501 1947 peter
1530 1863 1600 1948 ejus
1628 1861 1705 1930 obiit

348 1992 488 2062 saisitus

961 2289 1095 2358 extu.

839 2419 977 2488 ΟΑΒΤΔ
995 2421 1097 2487 amul
1116 2419 1217 2487 OOH.

794 2549 922 2634 [unm
944 2550 1071 2616 Ossan:
1093 2551 1132 2614 ts
1152 2551 1192 2615 Β.
1212 2549 1283 2632 tu]
1579 2547 1666 2613 1234.
1721 2631 1726 2640 ·

388 2679 553 2749 Universis
580 2679 698 2748 christi
717 2679 862 2746 fidentes
889 2699 1019 2764 presens
1047 2679 1200 2764 seriptum
1219 2678 1331 2745 visuris
1357 2677 1408 2743 vel
1428 2677 1582 2743 audituris
1601 2679 1709 2742 Rusus

348 2811 419 2879 Gon
438 2813 543 2896 iunior
562 2811 698 2878 salutem
717 2809 751 2875 in
771 2809 919 2877 Domino.

350 2961 356 2974 ·
389 2943 521 3009 Noverit
534 2943 723 3008 universitas
735 2949 843 3007 vestra
854 2940 939 3024 quod
952 2959 1010 3023 ego
1023 2939 1155 3004 consilio
1169 2945 1202 3003 et
1215 2957 1372 3004 consensu
1385 2937 1557 3004 amieorum
1569 2957 1710 3002 meorum

237 3045 241 3060 ¹
349 3075 491 3156 quietum
510 3071 645 3138 clamavi
664 3079 698 3137 et
718 3070 860 3153 abjuravi
880 3077 912 3134 et
925 3071 987 3134 hee
1006 3076 1096 3134 carta
1114 3089 1187 3134 msa
1205 3069 1388 3134 confirmavi
1406 3088 1464 3151 pro
1484 3069 1587 3132 salute
1607 3067 1711 3132 anime

348 3221 419 3267 mee
438 3208 471 3266 et
491 3209 726 3266 antecessorum
744 3203 887 3264 metrum
906 3201 976 3264 Deo
994 3207 1027 3264 et
1044 3168 1177 3264 eculeum
1201 3200 1293 3263 beate
1319 3199 1431 3262 Meam
1455 3199 1496 3262 ds
1516 3200 1659 3262 Manum
1678 3203 1712 3263 et

348 3331 513 3396 monachis
525 3329 570 3394 ibi
582 3331 651 3393 Deo
665 3329 871 3394 servientibus
891 3335 996 3392 totum
1015 3327 1163 3392 elamium
1182 3333 1334 3391 meumst
1348 3327 1613 3410 totumjusquod
1632 3328 1713 3394 diee-

348 3461 424 3528 bam
452 3479 504 3524 me
524 3459 640 3523 hebere
660 3459 695 3521 in
714 3463 800 3523 terra
819 3457 859 3522 de
879 3459 1080 3522 Eannsunun
1109 3458 1273 3522 occasione
1301 3457 1464 3522 forestarie
1483 3459 1629 3524 videlieet
1649 3467 1713 3524 tres

350 3589 461 3654 domos
480 3588 515 3652 in
534 3595 666 3670 pastura
685 3587 724 3652 de
744 3589 943 3651 Eeuusunun
964 3589 1005 3652 ad
1023 3588 1218 3670 pascendum
1237 3588 1292 3652 ubi
1310 3589 1423 3653 vellem
1436 3588 1520 3651 iuter
1539 3608 1655 3672 uquam
1673 3588 1713 3652 de

350 3713 495 3777 Gmwn
508 3717 541 3775 et
554 3730 669 3794 aquam
681 3709 721 3774 de
735 3711 902 3777 Uuennou
926 3717 1017 3775 extra
1034 3719 1162 3793 pratum
1175 3718 1208 3774 et
1221 3711 1349 3774 bledam
1375 3711 1436 3774 hoe
1456 3717 1560 3775 totum
1574 3712 1714 3792 quietum

351 3841 484 3906 clamavi
512 3860 570 3924 pro
603 3839 749 3904 omnibus
781 3841 948 3906 heredsstua
975 3841 1054 3904 meis
1084 3847 1116 3904 et
1142 3841 1310 3922 assignatis
1337 3839 1418 3904 meis
1446 3846 1484 3904 ut
1513 3840 1652 3904 habeant
1681 3847 1715 3904 et

350 3975 481 4035 teneant
508 3969 584 4033 dieti
615 3969 763 4034 monaehi
795 3969 915 4034 dietam
947 3975 1064 4034 terram
1097 3989 1188 4034 suam
1216 3971 1334 4035 scilieet
1362 3969 1508 4054 quiequid
1535 3933 1716 4037 eontinetur

350 4101 434 4163 inter
460 4099 618 4180 predictas
647 4118 746 4182 aquas
765 4098 862 4164 libere
882 4105 915 4163 et
934 4099 1039 4180 quiete
1059 4105 1091 4163 st
1121 4099 1251 4180 pueifiee
1265 4119 1327 4185 pro
1346 4119 1398 4164 me
1418 4107 1451 4165 et
1470 4101 1617 4166 omnibus
1637 4103 1717 4166 meis

353 4230 435 4294 sieut
455 4229 520 4292 ulla
539 4227 710 4293 elemosina
728 4227 857 4292 liberius
876 4234 909 4292 et
929 4228 1065 4310 quietius
1085 4229 1194 4294 heberi
1213 4236 1320 4312 potest
1338 4232 1389 4296 vel
1409 4232 1511 4296 teneri
1522 4233 1557 4295 iu
1571 4234 1715 4297 omnibus

353 4365 387 4422 et
407 4377 463 4440 per
475 4358 582 4422 omnia
595 4359 675 4423 aaut
696 4365 782 4422 uerte
795 4357 984 4423 donatorum
997 4379 1076 4440 quas
1096 4359 1170 4423 inde
1190 4339 1309 4424 liabent
1330 4367 1499 4427 testantur.
1541 4365 1586 4427 Et
1606 4383 1663 4444 ego
1682 4369 1715 4428 et

354 4483 486 4549 heredes
515 4486 579 4549 mei
606 4487 883 4552 warantizabimus
912 4487 996 4552 hane
1029 4489 1171 4572 quietum
1204 4491 1429 4556 elemnuionem
1462 4485 1574 4557 eontra
1606 4512 1716 4558 omnes

354 4615 499 4678 homines
518 4621 551 4677 et
570 4633 679 4680 omnes
706 4615 839 4680 feminas
858 4617 893 4680 in
911 4625 1107 4700 perpetuum.
1159 4619 1204 4684 Et
1234 4621 1397 4685 sciendum
1421 4623 1505 4704 quod
1524 4624 1586 4687 hou
1613 4595 1717 4689 totum

354 4743 474 4808 fautum
494 4749 543 4808 est
563 4763 668 4809 coram
687 4745 814 4810 domino
834 4747 926 4810 Esus
960 4749 1179 4814 Linusvnnsu
1199 4751 1347 4833 episeopo
1367 4752 1451 4834 apud
1473 4753 1615 4817 Menum
1634 4755 1717 4819 eirea

356 4873 473 4939 testum
503 4873 643 4940 omnium
665 4875 850 4942 Sanctorum
880 4897 965 4944 auno
985 4879 1114 4944 Domini
1133 4881 1301 4948 millesimo
1322 4882 1539 4951 dueentesimo
1559 4869 1717 4952 trieesimo
