3986 5502
427 783 486 846 140

389 1082 466 1145 dum
484 1095 582 1164 usque
611 1081 651 1146 nd
681 1077 871 1164 quindenum
901 1079 1023 1146 Pesche
1050 1079 1192 1162 proximo
1212 1079 1318 1144 lutuno
1339 1079 1380 1144 sd
1400 1095 1493 1162 quem
1513 1078 1596 1143 diem
1622 1096 1750 1161 presens

388 1213 447 1276 erit
467 1231 524 1294 per
541 1213 601 1277 Dei
619 1215 756 1295 greciam
769 1215 955 1277 Enwsnnus
974 1213 1132 1294 predictus
1145 1214 1179 1276 in
1192 1214 1283 1294 ouius
1294 1213 1458 1294 presencie
1469 1213 1599 1294 negocia
1609 1211 1751 1293 predicte

252 1431 257 1456 ¹
387 1343 518 1408 feliciter
537 1352 570 1409 et
594 1346 730 1409 dualiter
758 1351 906 1428 poterunt
936 1346 1097 1408 termineri
1128 1345 1169 1408 ed
1197 1344 1397 1408 commodum
1423 1349 1457 1406 et
1487 1342 1748 1424 indempnitatem

386 1480 533 1538 vestram.
575 1477 620 1538 Et
639 1477 717 1540 scire
737 1495 793 1541 ros
812 1477 956 1540 volumus
976 1476 1059 1558 quod
1088 1476 1177 1540 vobis
1198 1483 1253 1539 eut
1273 1476 1364 1538 nobis
1392 1475 1486 1538 rebus
1506 1493 1540 1536 se
1559 1470 1750 1536 habentibus

386 1609 423 1668 ut
442 1625 526 1668 nnuc
546 1607 727 1671 nullatenus
746 1607 904 1688 expediret
925 1607 1091 1689 quicquum
1104 1607 1180 1670 meli
1199 1608 1249 1670 vel
1262 1625 1408 1669 excessus
1421 1604 1548 1668 interim
1568 1601 1750 1682 attemptari

386 1740 497 1798 contre
509 1735 643 1800 formem
655 1738 743 1818 pacis
762 1737 900 1818 predicte
920 1737 1003 1800 unde
1023 1737 1111 1801 vobis
1131 1736 1319 1799 mundemus
1338 1742 1485 1815 rogantes
1504 1740 1537 1796 et
1557 1733 1591 1794 iu
1609 1731 1672 1794 fide
1691 1731 1747 1792 ho·

384 1865 489 1945 mugio
508 1873 540 1928 et
561 1867 729 1930 dileooicne
749 1867 782 1928 in
802 1867 914 1948 quibus
934 1866 1024 1929 nobis
1044 1866 1194 1929 tenemini
1218 1866 1349 1928 firmiter
1369 1865 1569 1944 injungentes
1599 1861 1751 1944 quetinns

385 1995 469 2058 diem
487 1995 578 2057 illum
596 1996 740 2058 videlicet
761 1995 951 2076 quindenam
971 1995 1093 2057 Pescho
1112 1994 1286 2074 predictum
1316 1994 1518 2056 observantes
1549 1992 1676 2054 interim
1695 2009 1752 2054 vos

385 2129 418 2187 et
437 2131 559 2188 vestros
577 2123 611 2186 in
630 2143 708 2204 peoe
727 2123 863 2186 tenentis
882 2123 929 2185 ite
948 2122 1031 2203 quod
1051 2141 1109 2185 vos
1136 2141 1194 2203 pro
1218 2121 1370 2184 fidelitate
1389 2129 1495 2185 vestre
1514 2129 1591 2183 tuno
1610 2128 1647 2184 nt
1666 2121 1755 2202 prius

383 2253 499 2318 bebere
519 2254 688 2316 debecmus
707 2252 882 2334 specialiter
902 2253 1168 2316 commendantes.
1210 2253 1356 2316 Preietos
1376 2259 1451 2314 ente
1471 2253 1635 2332 episcopus
1659 2270 1753 2333 quem
1849 2231 1853 2242 ¹

382 2383 417 2447 in
430 2383 626 2464 expositione
645 2382 844 2463 negociorum
857 2389 1034 2446 vestrorum
1054 2385 1166 2446 merito
1187 2383 1443 2446 commendemus
1463 2383 1661 2445 voluntatem
1680 2401 1753 2444 nos·

382 2517 467 2574 mem
486 2512 609 2593 plenius
628 2511 716 2575 vobis
735 2512 808 2575 vivs
826 2531 902 2576 voce
922 2513 1035 2575 referre
1055 2512 1171 2594 poterit
1185 2513 1218 2574 in
1231 2513 1401 2594 premissis.
1443 2513 1537 2575 Teste
1558 2515 1642 2594 Rege
1662 2515 1747 2594 opud

381 2643 556 2708 westmon’
579 2640 712 2704 xxxdie
742 2642 903 2705 Ooroems
933 2641 1117 2721 peripsum
1146 2643 1263 2723 Regem
1304 2642 1578 2721 Archiepisocpum
1608 2643 1750 2706 Escsso'

384 2775 428 2840 B:
461 2775 583 2838 Aounn'
629 2773 764 2835 Tnnnrs'
794 2771 833 2835 de
862 2771 997 2834 emm·
1059 2771 1203 2834 Frctm
1233 2773 1269 2836 J:
1301 2773 1340 2835 de
1371 2773 1586 2836 Dnnnnrcrcu
1634 2773 1691 2836 W:
1713 2773 1753 2836 d·

385 2905 527 2970 mnenon
567 2901 756 2984 Magistrum
775 2901 815 2965 de
835 2903 868 2964 le
888 2901 1021 2965 Cossus
1041 2907 1073 2966 et
1094 2903 1204 2964 Enrsrr
1225 2903 1264 2966 de
1285 2903 1431 2966 Rasum

431 3357 433 3362 ,
1014 3305 1110 3370 CLX.

384 3411 634 3496 oosvdsmo
667 3429 803 3496 mune
835 3432 947 3497 oon:
984 3433 1040 3496 w=
1075 3433 1136 3496 un
1169 3433 1300 3500 vuum
1332 3429 1390 3498 ur
1419 3433 1662 3500 conessum
1691 3436 1752 3501 nu

939 3561 1186 3626 KAHAYNES.

820 3688 948 3769 [Hssnt
971 3691 1097 3756 Gnssn:
1120 3692 1173 3786 ⁵7:
1192 3709 1222 3755 o.
1244 3691 1313 3772 θλ]
1619 3695 1710 3756 1272.

422 3817 514 3880 Anno
533 3815 622 3897 regni
642 3814 736 3898 Regis
766 3815 913 3882 Humor
943 3819 1000 3882 filii
1019 3821 1115 3902 Regis
1135 3821 1297 3884 losssrus
1317 3820 1576 3904 quinquegesimc
1597 3829 1687 3884 sexto
1708 3821 1750 3886 sd

381 3941 637 4010 Purifioetdonem
656 3947 748 4011 besto
769 3947 881 4011 Meum
901 3950 988 4013 fecte,
1007 3951 1067 4013 fuit
1087 3951 1147 4014 heo
1167 3951 1335 4016 conventio
1360 3953 1444 4016 inter
1471 3952 1634 4015 dominum
1663 3953 1751 4016 Wm·

381 4087 533 4140 emuntur
561 4075 601 4138 de
628 4077 730 4141 Vusor
758 4097 798 4140 ex
825 4097 890 4140 nnn
917 4085 1008 4160 perte
1034 4085 1066 4143 et
1096 4079 1280 4143 Rosnsm
1309 4081 1350 4144 de
1380 4081 1559 4144 nmmo
1579 4099 1618 4144 ex
1638 4082 1751 4156 sltem.

381 4203 538 4280 videlicet,
559 4204 643 4287 quod
662 4205 821 4287 predictus
841 4209 1017 4272 Renum
1046 4208 1175 4271 tredidit
1196 4215 1229 4274 et
1249 4209 1390 4292 quietum
1419 4209 1567 4274 clamarit
1585 4227 1644 4290 pro
1663 4229 1699 4273 se
1719 4217 1752 4274 et

378 4335 546 4399 heredibus
566 4333 632 4396 suis
651 4333 736 4398 dicto
757 4335 955 4399 Wmurunsro
975 4342 1008 4398 et
1028 4335 1196 4400 heredibus
1225 4337 1292 4401 suis
1320 4345 1424 4402 totam
1453 4345 1577 4420 portem
1597 4359 1689 4402 suem
1709 4339 1749 4404 de

381 4462 524 4527 monerio
543 4461 577 4523 ln
597 4463 789 4528 Eumenous
818 4483 891 4527 oum
918 4463 1064 4529 omnibns
1090 4465 1294 4547 pertinenciis
1315 4467 1381 4529 suis
1400 4473 1435 4530 et
1455 4467 1589 4531 escsstis
1609 4489 1672 4550 qne
1692 4471 1752 4534 sibi

378 4593 521 4658 cocidere
541 4593 680 4673 poterint
699 4595 827 4658 nomine
847 4594 1043 4669 hereditatis,
1065 4601 1233 4676 exceptum
1252 4596 1380 4659 feodum
1399 4597 1546 4661 militurn.
1589 4599 1752 4665 Gonoessit

381 4723 484 4789 wem
517 4721 677 4804 predictus
707 4723 881 4790 &suecos
917 4725 1059 4809 predicto
1088 4729 1287 4793 Wrnnnroro
1324 4747 1410 4794 rurs
1439 4729 1529 4793 vmd
1554 4735 1587 4794 et
1615 4731 1751 4808 obolum,
