<?xml version="1.0" encoding="UTF-8"?>
<!DOCTYPE html PUBLIC "-//W3C//DTD XHTML 1.0 Transitional//EN"
    "http://www.w3.org/TR/xhtml1/DTD/xhtml1-transitional.dtd">
<html xmlns="http://www.w3.org/1999/xhtml" xml:lang="en" lang="en">
 <head>
  <title>
</title>
<meta http-equiv="Content-Type" content="text/html;charset=utf-8" />
  <meta name='ocr-system' content='tesseract 3.04.00' />
  <meta name='ocr-capabilities' content='ocr_page ocr_carea ocr_par ocr_line ocrx_word'/>
</head>
<body>
  <div class='ocr_page' id='page_1' title='image "./cartetaliamunim00abbegoog_0290.png"; bbox 0 0 3956 5488; ppageno 0'>
   <div class='ocr_carea' id='block_1_1' title="bbox 212 1019 1630 4774">
    <p class='ocr_par' dir='ltr' id='par_1_1' title="bbox 212 1019 1630 4774">
     <span class='ocr_line' id='line_1_1' title="bbox 220 1019 1592 1112; baseline 0.004 -23"><span class='ocrx_word' id='word_1_1' title='bbox 220 1019 1194 1112; x_wconf 69' lang='lat' dir='ltr'><strong>utdeeiuedemsscmttetberedibueeuiedecurpcre</strong></span> <span class='ocrx_word' id='word_1_2' title='bbox 1222 1045 1283 1094; x_wconf 81' lang='lat' dir='ltr'><strong>suc</strong></span> <span class='ocrx_word' id='word_1_3' title='bbox 1310 1027 1492 1112; x_wconf 73' lang='lat' dir='ltr'><strong>pmcrettie</strong></span> <span class='ocrx_word' id='word_1_4' title='bbox 1532 1025 1592 1093; x_wconf 64' lang='lat' dir='ltr'><strong>is·</strong></span> 
     </span>
     <span class='ocr_line' id='line_1_2' title="bbox 212 1135 1592 1243; baseline 0 -19"><span class='ocrx_word' id='word_1_5' title='bbox 212 1153 359 1224; x_wconf 73' lang='lat' dir='ltr'><strong>neudum</strong></span> <span class='ocrx_word' id='word_1_6' title='bbox 370 1155 411 1222; x_wconf 87' lang='lat' dir='ltr'><strong>de</strong></span> <span class='ocrx_word' id='word_1_7' title='bbox 423 1155 612 1240; x_wconf 79' lang='lat' dir='ltr'><strong>cepitehbue</strong></span> <span class='ocrx_word' id='word_1_8' title='bbox 630 1155 768 1223; x_wconf 85' lang='lat' dir='ltr'><strong>dominis</strong></span> <span class='ocrx_word' id='word_1_9' title='bbox 786 1156 870 1223; x_wconf 78' lang='lat' dir='ltr'><strong>teudi</strong></span> <span class='ocrx_word' id='word_1_10' title='bbox 887 1157 973 1223; x_wconf 87' lang='lat' dir='ltr'><strong>iliius</strong></span> <span class='ocrx_word' id='word_1_11' title='bbox 984 1177 1042 1242; x_wconf 87' lang='lat' dir='ltr'><strong>per</strong></span> <span class='ocrx_word' id='word_1_12' title='bbox 1060 1159 1192 1224; x_wconf 65' lang='lat' dir='ltr'><strong>urvicie</strong></span> <span class='ocrx_word' id='word_1_13' title='bbox 1203 1177 1265 1243; x_wconf 85' lang='lat' dir='ltr'><strong>que</strong></span> <span class='ocrx_word' id='word_1_14' title='bbox 1278 1157 1320 1225; x_wconf 85' lang='lat' dir='ltr'><strong>ed</strong></span> <span class='ocrx_word' id='word_1_15' title='bbox 1332 1157 1389 1224; x_wconf 82' lang='lat' dir='ltr'><strong>iiie</strong></span> <span class='ocrx_word' id='word_1_16' title='bbox 1406 1135 1592 1224; x_wconf 71' lang='lat' dir='ltr'><strong>tenemcuti</strong></span> 
     </span>
     <span class='ocr_line' id='line_1_3' title="bbox 220 1263 1630 1373; baseline 0.002 -22"><span class='ocrx_word' id='word_1_17' title='bbox 220 1287 393 1370; x_wconf 70' lang='lat' dir='ltr'><strong>pertinent.</strong></span> <span class='ocrx_word' id='word_1_18' title='bbox 433 1285 479 1352; x_wconf 73' lang='lat' dir='ltr'><strong>Et</strong></span> <span class='ocrx_word' id='word_1_19' title='bbox 498 1287 527 1352; x_wconf 89' lang='lat' dir='ltr'><strong>ei</strong></span> <span class='ocrx_word' id='word_1_20' title='bbox 546 1287 710 1371; x_wconf 73' lang='lat' dir='ltr'><strong>confinget</strong></span> <span class='ocrx_word' id='word_1_21' title='bbox 729 1285 813 1373; x_wconf 82' lang='lat' dir='ltr'><strong>quod</strong></span> <span class='ocrx_word' id='word_1_22' title='bbox 832 1288 993 1372; x_wconf 82' lang='lat' dir='ltr'><strong>predictus</strong></span> <span class='ocrx_word' id='word_1_23' title='bbox 1011 1287 1183 1356; x_wconf 74' lang='lat' dir='ltr'><strong>iuuerunt</strong></span> <span class='ocrx_word' id='word_1_24' title='bbox 1201 1287 1314 1356; x_wconf 85' lang='lat' dir='ltr'><strong>obierit</strong></span> <span class='ocrx_word' id='word_1_25' title='bbox 1332 1288 1402 1355; x_wconf 85' lang='lat' dir='ltr'><strong>uine</strong></span> <span class='ocrx_word' id='word_1_26' title='bbox 1415 1281 1537 1354; x_wconf 69' lang='lat' dir='ltr'><strong>&#39;huede</strong></span> <span class='ocrx_word' id='word_1_27' title='bbox 1556 1263 1597 1354; x_wconf 65' lang='lat' dir='ltr'><strong>de&#39;</strong></span> <span class='ocrx_word' id='word_1_28' title='bbox 1628 1277 1630 1284; x_wconf 49' lang='lat'>‘</span> 
     </span>
     <span class='ocr_line' id='line_1_4' title="bbox 221 1403 1597 1504; baseline 0.001 -20"><span class='ocrx_word' id='word_1_29' title='bbox 221 1435 353 1502; x_wconf 85' lang='lat' dir='ltr'><strong>corpore</strong></span> <span class='ocrx_word' id='word_1_30' title='bbox 372 1435 431 1482; x_wconf 88' lang='lat' dir='ltr'><strong>euc</strong></span> <span class='ocrx_word' id='word_1_31' title='bbox 450 1425 615 1501; x_wconf 71' lang='lat' dir='ltr'><strong>procreate</strong></span> <span class='ocrx_word' id='word_1_32' title='bbox 635 1423 713 1482; x_wconf 91' lang='lat' dir='ltr'><strong>tunc</strong></span> <span class='ocrx_word' id='word_1_33' title='bbox 732 1424 805 1501; x_wconf 85' lang='lat' dir='ltr'><strong>poet</strong></span> <span class='ocrx_word' id='word_1_34' title='bbox 834 1403 1002 1484; x_wconf 65' lang='lat' dir='ltr'><strong>denam</strong></span> <span class='ocrx_word' id='word_1_35' title='bbox 1028 1418 1128 1502; x_wconf 84' lang='lat' dir='ltr'><strong>ipsine</strong></span> <span class='ocrx_word' id='word_1_36' title='bbox 1157 1417 1317 1486; x_wconf 73' lang='lat' dir='ltr'><strong>tome</strong></span> <span class='ocrx_word' id='word_1_37' title='bbox 1346 1417 1491 1504; x_wconf 83' lang='lat' dir='ltr'><strong>predicte</strong></span> <span class='ocrx_word' id='word_1_38' title='bbox 1510 1425 1597 1486; x_wconf 79' lang='lat' dir='ltr'><strong>tene</strong></span> 
     </span>
     <span class='ocr_line' id='line_1_5' title="bbox 221 1543 1596 1635; baseline 0.001 -21"><span class='ocrx_word' id='word_1_39' title='bbox 221 1555 334 1614; x_wconf 86' lang='lat' dir='ltr'><strong>ruente</strong></span> <span class='ocrx_word' id='word_1_40' title='bbox 352 1565 426 1613; x_wconf 89' lang='lat' dir='ltr'><strong>cum</strong></span> <span class='ocrx_word' id='word_1_41' title='bbox 443 1545 645 1632; x_wconf 78' lang='lat' dir='ltr'><strong>pertiuentiis</strong></span> <span class='ocrx_word' id='word_1_42' title='bbox 663 1547 785 1630; x_wconf 76' lang='lat' dir='ltr'><strong>integre</strong></span> <span class='ocrx_word' id='word_1_43' title='bbox 804 1545 1013 1613; x_wconf 85' lang='lat' dir='ltr'><strong>remeuebunt</strong></span> <span class='ocrx_word' id='word_1_44' title='bbox 1033 1543 1182 1614; x_wconf 68' lang='lat' dir='ltr'><strong>Brenno</strong></span> <span class='ocrx_word' id='word_1_45' title='bbox 1200 1547 1241 1614; x_wconf 83' lang='lat' dir='ltr'><strong>de</strong></span> <span class='ocrx_word' id='word_1_46' title='bbox 1260 1547 1393 1616; x_wconf 75' lang='lat' dir='ltr'><strong>ans</strong></span> <span class='ocrx_word' id='word_1_47' title='bbox 1417 1549 1508 1616; x_wconf 76' lang='lat' dir='ltr'><strong>hetti</strong></span> <span class='ocrx_word' id='word_1_48' title='bbox 1527 1569 1596 1635; x_wconf 88' lang='lat' dir='ltr'><strong>pre·</strong></span> 
     </span>
     <span class='ocr_line' id='line_1_6' title="bbox 218 1675 1597 1762; baseline 0 -14"><span class='ocrx_word' id='word_1_49' title='bbox 218 1679 301 1748; x_wconf 85' lang='lat' dir='ltr'><strong>dicti</strong></span> <span class='ocrx_word' id='word_1_50' title='bbox 320 1675 468 1746; x_wconf 70' lang='lat' dir='ltr'><strong>beentur</strong></span> <span class='ocrx_word' id='word_1_51' title='bbox 487 1687 521 1744; x_wconf 88' lang='lat' dir='ltr'><strong>et</strong></span> <span class='ocrx_word' id='word_1_52' title='bbox 540 1677 708 1743; x_wconf 86' lang='lat' dir='ltr'><strong>heredibus</strong></span> <span class='ocrx_word' id='word_1_53' title='bbox 727 1675 878 1744; x_wconf 76' lang='lat' dir='ltr'><strong>musculis</strong></span> <span class='ocrx_word' id='word_1_54' title='bbox 897 1677 938 1743; x_wconf 85' lang='lat' dir='ltr'><strong>de</strong></span> <span class='ocrx_word' id='word_1_55' title='bbox 957 1693 1088 1761; x_wconf 79' lang='lat' dir='ltr'><strong>corpore</strong></span> <span class='ocrx_word' id='word_1_56' title='bbox 1108 1695 1168 1746; x_wconf 81' lang='lat' dir='ltr'><strong>eut</strong></span> <span class='ocrx_word' id='word_1_57' title='bbox 1186 1680 1370 1762; x_wconf 80' lang='lat' dir='ltr'><strong>procreetis.</strong></span> <span class='ocrx_word' id='word_1_58' title='bbox 1411 1677 1597 1748; x_wconf 72' lang='lat' dir='ltr'><strong>Tenendum</strong></span> 
     </span>
     <span class='ocr_line' id='line_1_7' title="bbox 216 1805 1594 1896; baseline -0.003 -17"><span class='ocrx_word' id='word_1_59' title='bbox 216 1807 263 1880; x_wconf 82' lang='lat' dir='ltr'><strong>de</strong></span> <span class='ocrx_word' id='word_1_60' title='bbox 282 1807 473 1896; x_wconf 74' lang='lat' dir='ltr'><strong>cepitdibue</strong></span> <span class='ocrx_word' id='word_1_61' title='bbox 501 1805 639 1876; x_wconf 83' lang='lat' dir='ltr'><strong>dominis</strong></span> <span class='ocrx_word' id='word_1_62' title='bbox 666 1807 751 1874; x_wconf 86' lang='lat' dir='ltr'><strong>ieedi</strong></span> <span class='ocrx_word' id='word_1_63' title='bbox 769 1807 855 1873; x_wconf 86' lang='lat' dir='ltr'><strong>iliius</strong></span> <span class='ocrx_word' id='word_1_64' title='bbox 873 1827 931 1892; x_wconf 87' lang='lat' dir='ltr'><strong>per</strong></span> <span class='ocrx_word' id='word_1_65' title='bbox 950 1807 1084 1876; x_wconf 81' lang='lat' dir='ltr'><strong>eervicie</strong></span> <span class='ocrx_word' id='word_1_66' title='bbox 1099 1827 1165 1892; x_wconf 84' lang='lat' dir='ltr'><strong>que</strong></span> <span class='ocrx_word' id='word_1_67' title='bbox 1184 1808 1227 1876; x_wconf 83' lang='lat' dir='ltr'><strong>ed</strong></span> <span class='ocrx_word' id='word_1_68' title='bbox 1245 1807 1302 1875; x_wconf 82' lang='lat' dir='ltr'><strong>ille</strong></span> <span class='ocrx_word' id='word_1_69' title='bbox 1321 1817 1507 1875; x_wconf 84' lang='lat' dir='ltr'><strong>tenemente</strong></span> <span class='ocrx_word' id='word_1_70' title='bbox 1524 1831 1594 1895; x_wconf 87' lang='lat' dir='ltr'><strong>per·</strong></span> 
     </span>
     <span class='ocr_line' id='line_1_8' title="bbox 217 1935 1598 2038; baseline -0.001 -29"><span class='ocrx_word' id='word_1_71' title='bbox 217 1939 337 2010; x_wconf 70' lang='lat' dir='ltr'><strong>trent</strong></span> <span class='ocrx_word' id='word_1_72' title='bbox 376 1937 422 2006; x_wconf 76' lang='lat' dir='ltr'><strong>ut</strong></span> <span class='ocrx_word' id='word_1_73' title='bbox 435 1937 465 2006; x_wconf 79' lang='lat' dir='ltr'><strong>ui</strong></span> <span class='ocrx_word' id='word_1_74' title='bbox 476 1937 642 2024; x_wconf 76' lang='lat' dir='ltr'><strong>ccudnptt</strong></span> <span class='ocrx_word' id='word_1_75' title='bbox 654 1937 739 2024; x_wconf 84' lang='lat' dir='ltr'><strong>quud</strong></span> <span class='ocrx_word' id='word_1_76' title='bbox 751 1935 913 2022; x_wconf 80' lang='lat' dir='ltr'><strong>predtctue</strong></span> <span class='ocrx_word' id='word_1_77' title='bbox 925 1937 1094 2005; x_wconf 68' lang='lat' dir='ltr'><strong>memus</strong></span> <span class='ocrx_word' id='word_1_78' title='bbox 1112 1937 1226 2005; x_wconf 87' lang='lat' dir='ltr'><strong>obierit</strong></span> <span class='ocrx_word' id='word_1_79' title='bbox 1238 1940 1306 2004; x_wconf 83' lang='lat' dir='ltr'><strong>uine</strong></span> <span class='ocrx_word' id='word_1_80' title='bbox 1319 1937 1436 2038; x_wconf 82' lang='lat' dir='ltr'><strong>herede</strong></span> <span class='ocrx_word' id='word_1_81' title='bbox 1454 1939 1598 2009; x_wconf 69' lang='lat' dir='ltr'><strong>munde</strong></span> 
     </span>
     <span class='ocr_line' id='line_1_9' title="bbox 214 2065 1597 2156; baseline 0.001 -18"><span class='ocrx_word' id='word_1_82' title='bbox 214 2065 261 2138; x_wconf 84' lang='lat' dir='ltr'><strong>de</strong></span> <span class='ocrx_word' id='word_1_83' title='bbox 279 2088 410 2154; x_wconf 80' lang='lat' dir='ltr'><strong>corpore</strong></span> <span class='ocrx_word' id='word_1_84' title='bbox 429 2087 488 2135; x_wconf 90' lang='lat' dir='ltr'><strong>eun</strong></span> <span class='ocrx_word' id='word_1_85' title='bbox 506 2076 673 2154; x_wconf 64' lang='lat' dir='ltr'><strong>pruneto</strong></span> <span class='ocrx_word' id='word_1_86' title='bbox 690 2076 771 2135; x_wconf 84' lang='lat' dir='ltr'><strong>tuuc</strong></span> <span class='ocrx_word' id='word_1_87' title='bbox 789 2075 864 2154; x_wconf 86' lang='lat' dir='ltr'><strong>poet</strong></span> <span class='ocrx_word' id='word_1_88' title='bbox 883 2068 1051 2136; x_wconf 77' lang='lat' dir='ltr'><strong>deceem</strong></span> <span class='ocrx_word' id='word_1_89' title='bbox 1068 2069 1170 2154; x_wconf 79' lang='lat' dir='ltr'><strong>ipsius</strong></span> <span class='ocrx_word' id='word_1_90' title='bbox 1187 2071 1329 2140; x_wconf 75' lang='lat' dir='ltr'><strong>Eretum</strong></span> <span class='ocrx_word' id='word_1_91' title='bbox 1347 2071 1491 2156; x_wconf 83' lang='lat' dir='ltr'><strong>predicte</strong></span> <span class='ocrx_word' id='word_1_92' title='bbox 1510 2082 1597 2140; x_wconf 89' lang='lat' dir='ltr'><strong>teue-</strong></span> 
     </span>
     <span class='ocr_line' id='line_1_10' title="bbox 220 2195 1601 2284; baseline 0.002 -16"><span class='ocrx_word' id='word_1_93' title='bbox 220 2209 335 2268; x_wconf 78' lang='lat' dir='ltr'><strong>mente</strong></span> <span class='ocrx_word' id='word_1_94' title='bbox 366 2219 440 2266; x_wconf 87' lang='lat' dir='ltr'><strong>cum</strong></span> <span class='ocrx_word' id='word_1_95' title='bbox 468 2201 668 2284; x_wconf 86' lang='lat' dir='ltr'><strong>pertinentiis</strong></span> <span class='ocrx_word' id='word_1_96' title='bbox 695 2201 818 2283; x_wconf 79' lang='lat' dir='ltr'><strong>integre</strong></span> <span class='ocrx_word' id='word_1_97' title='bbox 850 2197 1059 2267; x_wconf 72' lang='lat' dir='ltr'><strong>remanebunt</strong></span> <span class='ocrx_word' id='word_1_98' title='bbox 1091 2195 1237 2268; x_wconf 70' lang='lat' dir='ltr'><strong>ionem</strong></span> <span class='ocrx_word' id='word_1_99' title='bbox 1268 2195 1310 2269; x_wconf 85' lang='lat' dir='ltr'><strong>de</strong></span> <span class='ocrx_word' id='word_1_100' title='bbox 1341 2199 1476 2271; x_wconf 76' lang='lat' dir='ltr'><strong>Pettius</strong></span> <span class='ocrx_word' id='word_1_101' title='bbox 1508 2204 1601 2272; x_wconf 83' lang='lat' dir='ltr'><strong>iretri</strong></span> 
     </span>
     <span class='ocr_line' id='line_1_11' title="bbox 221 2329 1601 2418; baseline 0.005 -22"><span class='ocrx_word' id='word_1_102' title='bbox 221 2330 356 2418; x_wconf 74' lang='lat' dir='ltr'><strong>predicti</strong></span> <span class='ocrx_word' id='word_1_103' title='bbox 375 2329 515 2396; x_wconf 78' lang='lat' dir='ltr'><strong>chmr</strong></span> <span class='ocrx_word' id='word_1_104' title='bbox 528 2329 742 2406; x_wconf 78' lang='lat' dir='ltr'><strong>etheredtbus</strong></span> <span class='ocrx_word' id='word_1_105' title='bbox 761 2331 911 2396; x_wconf 78' lang='lat' dir='ltr'><strong>meecuiie</strong></span> <span class='ocrx_word' id='word_1_106' title='bbox 922 2331 963 2396; x_wconf 89' lang='lat' dir='ltr'><strong>de</strong></span> <span class='ocrx_word' id='word_1_107' title='bbox 977 2350 1106 2414; x_wconf 87' lang='lat' dir='ltr'><strong>corpere</strong></span> <span class='ocrx_word' id='word_1_108' title='bbox 1119 2351 1178 2398; x_wconf 86' lang='lat' dir='ltr'><strong>ene</strong></span> <span class='ocrx_word' id='word_1_109' title='bbox 1189 2333 1373 2415; x_wconf 77' lang='lat' dir='ltr'><strong>procreetis</strong></span> <span class='ocrx_word' id='word_1_110' title='bbox 1414 2332 1601 2403; x_wconf 73' lang='lat' dir='ltr'><strong>uerendum</strong></span> 
     </span>
     <span class='ocr_line' id='line_1_12' title="bbox 217 2461 1600 2554; baseline -0.001 -20"><span class='ocrx_word' id='word_1_111' title='bbox 217 2465 263 2534; x_wconf 84' lang='lat' dir='ltr'><strong>de</strong></span> <span class='ocrx_word' id='word_1_112' title='bbox 283 2464 474 2549; x_wconf 65' lang='lat' dir='ltr'><strong>capitalibus</strong></span> <span class='ocrx_word' id='word_1_113' title='bbox 493 2463 629 2527; x_wconf 86' lang='lat' dir='ltr'><strong>dominis</strong></span> <span class='ocrx_word' id='word_1_114' title='bbox 648 2461 732 2526; x_wconf 85' lang='lat' dir='ltr'><strong>ieodi</strong></span> <span class='ocrx_word' id='word_1_115' title='bbox 752 2461 837 2526; x_wconf 85' lang='lat' dir='ltr'><strong>illiue</strong></span> <span class='ocrx_word' id='word_1_116' title='bbox 856 2481 914 2546; x_wconf 85' lang='lat' dir='ltr'><strong>per</strong></span> <span class='ocrx_word' id='word_1_117' title='bbox 942 2461 1155 2547; x_wconf 76' lang='lat' dir='ltr'><strong>tunicisque</strong></span> <span class='ocrx_word' id='word_1_118' title='bbox 1175 2462 1217 2530; x_wconf 84' lang='lat' dir='ltr'><strong>ed</strong></span> <span class='ocrx_word' id='word_1_119' title='bbox 1235 2465 1293 2530; x_wconf 84' lang='lat' dir='ltr'><strong>ille</strong></span> <span class='ocrx_word' id='word_1_120' title='bbox 1320 2461 1505 2533; x_wconf 84' lang='lat' dir='ltr'><strong>tenemeute</strong></span> <span class='ocrx_word' id='word_1_121' title='bbox 1530 2487 1600 2554; x_wconf 88' lang='lat' dir='ltr'><strong>per-</strong></span> 
     </span>
     <span class='ocr_line' id='line_1_13' title="bbox 218 2593 1600 2677; baseline 0.004 -15"><span class='ocrx_word' id='word_1_122' title='bbox 218 2597 335 2663; x_wconf 85' lang='lat' dir='ltr'><strong>tinent.</strong></span> <span class='ocrx_word' id='word_1_123' title='bbox 376 2595 421 2660; x_wconf 76' lang='lat' dir='ltr'><strong>et</strong></span> <span class='ocrx_word' id='word_1_124' title='bbox 441 2594 468 2660; x_wconf 83' lang='lat' dir='ltr'><strong>ei</strong></span> <span class='ocrx_word' id='word_1_125' title='bbox 487 2594 653 2677; x_wconf 77' lang='lat' dir='ltr'><strong>continget</strong></span> <span class='ocrx_word' id='word_1_126' title='bbox 682 2593 767 2676; x_wconf 89' lang='lat' dir='ltr'><strong>quod</strong></span> <span class='ocrx_word' id='word_1_127' title='bbox 793 2593 954 2676; x_wconf 85' lang='lat' dir='ltr'><strong>predictus</strong></span> <span class='ocrx_word' id='word_1_128' title='bbox 981 2595 1152 2662; x_wconf 76' lang='lat' dir='ltr'><strong>domme</strong></span> <span class='ocrx_word' id='word_1_129' title='bbox 1181 2595 1294 2662; x_wconf 81' lang='lat' dir='ltr'><strong>obierit</strong></span> <span class='ocrx_word' id='word_1_130' title='bbox 1320 2598 1389 2662; x_wconf 89' lang='lat' dir='ltr'><strong>eine</strong></span> <span class='ocrx_word' id='word_1_131' title='bbox 1416 2598 1531 2664; x_wconf 82' lang='lat' dir='ltr'><strong>herede</strong></span> <span class='ocrx_word' id='word_1_132' title='bbox 1558 2597 1600 2668; x_wconf 82' lang='lat' dir='ltr'><strong>de</strong></span> 
     </span>
     <span class='ocr_line' id='line_1_14' title="bbox 218 2720 1600 2812; baseline 0.001 -18"><span class='ocrx_word' id='word_1_133' title='bbox 218 2746 352 2810; x_wconf 85' lang='lat' dir='ltr'><strong>corpore</strong></span> <span class='ocrx_word' id='word_1_134' title='bbox 365 2745 423 2791; x_wconf 88' lang='lat' dir='ltr'><strong>eno</strong></span> <span class='ocrx_word' id='word_1_135' title='bbox 435 2733 600 2809; x_wconf 76' lang='lat' dir='ltr'><strong>procreato</strong></span> <span class='ocrx_word' id='word_1_136' title='bbox 619 2725 761 2790; x_wconf 80' lang='lat' dir='ltr'><strong>musculo</strong></span> <span class='ocrx_word' id='word_1_137' title='bbox 781 2731 859 2788; x_wconf 90' lang='lat' dir='ltr'><strong>tuuc</strong></span> <span class='ocrx_word' id='word_1_138' title='bbox 878 2732 953 2808; x_wconf 84' lang='lat' dir='ltr'><strong>pest</strong></span> <span class='ocrx_word' id='word_1_139' title='bbox 972 2720 1137 2790; x_wconf 67' lang='lat' dir='ltr'><strong>decaeeu&#39;m</strong></span> <span class='ocrx_word' id='word_1_140' title='bbox 1156 2726 1256 2808; x_wconf 83' lang='lat' dir='ltr'><strong>ipsine</strong></span> <span class='ocrx_word' id='word_1_141' title='bbox 1275 2727 1437 2794; x_wconf 79' lang='lat' dir='ltr'><strong>Jcesrture</strong></span> <span class='ocrx_word' id='word_1_142' title='bbox 1456 2729 1600 2812; x_wconf 80' lang='lat' dir='ltr'><strong>predicte</strong></span> 
     </span>
     <span class='ocr_line' id='line_1_15' title="bbox 219 2855 1601 2938; baseline 0.004 -17"><span class='ocrx_word' id='word_1_143' title='bbox 219 2863 407 2922; x_wconf 80' lang='lat' dir='ltr'><strong>teuemeute</strong></span> <span class='ocrx_word' id='word_1_144' title='bbox 425 2874 499 2918; x_wconf 89' lang='lat' dir='ltr'><strong>cum</strong></span> <span class='ocrx_word' id='word_1_145' title='bbox 518 2855 716 2938; x_wconf 76' lang='lat' dir='ltr'><strong>pertinentiis</strong></span> <span class='ocrx_word' id='word_1_146' title='bbox 735 2856 857 2938; x_wconf 76' lang='lat' dir='ltr'><strong>integre</strong></span> <span class='ocrx_word' id='word_1_147' title='bbox 876 2856 1087 2920; x_wconf 69' lang='lat' dir='ltr'><strong>remanebunt</strong></span> <span class='ocrx_word' id='word_1_148' title='bbox 1107 2859 1223 2922; x_wconf 77' lang='lat' dir='ltr'><strong>Aurem</strong></span> <span class='ocrx_word' id='word_1_149' title='bbox 1243 2857 1283 2923; x_wconf 86' lang='lat' dir='ltr'><strong>de</strong></span> <span class='ocrx_word' id='word_1_150' title='bbox 1303 2859 1481 2925; x_wconf 80' lang='lat' dir='ltr'><strong>huuurccr</strong></span> <span class='ocrx_word' id='word_1_151' title='bbox 1501 2861 1601 2928; x_wconf 78' lang='lat' dir='ltr'><strong>sorori</strong></span> 
     </span>
     <span class='ocr_line' id='line_1_16' title="bbox 219 2985 1598 3071; baseline 0.005 -22"><span class='ocrx_word' id='word_1_152' title='bbox 219 2987 355 3070; x_wconf 76' lang='lat' dir='ltr'><strong>predicti</strong></span> <span class='ocrx_word' id='word_1_153' title='bbox 373 2987 536 3052; x_wconf 69' lang='lat' dir='ltr'><strong>somme</strong></span> <span class='ocrx_word' id='word_1_154' title='bbox 556 2993 589 3050; x_wconf 90' lang='lat' dir='ltr'><strong>et</strong></span> <span class='ocrx_word' id='word_1_155' title='bbox 609 2985 777 3050; x_wconf 80' lang='lat' dir='ltr'><strong>heredibus</strong></span> <span class='ocrx_word' id='word_1_156' title='bbox 796 2986 947 3051; x_wconf 77' lang='lat' dir='ltr'><strong>musculis</strong></span> <span class='ocrx_word' id='word_1_157' title='bbox 966 2987 1007 3050; x_wconf 85' lang='lat' dir='ltr'><strong>de</strong></span> <span class='ocrx_word' id='word_1_158' title='bbox 1026 3007 1156 3070; x_wconf 88' lang='lat' dir='ltr'><strong>corpure</strong></span> <span class='ocrx_word' id='word_1_159' title='bbox 1176 3007 1234 3054; x_wconf 88' lang='lat' dir='ltr'><strong>euc</strong></span> <span class='ocrx_word' id='word_1_160' title='bbox 1253 2991 1434 3071; x_wconf 58' lang='lat' dir='ltr'><strong>mouentis.</strong></span> <span class='ocrx_word' id='word_1_161' title='bbox 1476 2992 1598 3056; x_wconf 83' lang='lat' dir='ltr'><strong>&#39;i&#39;eneu-</strong></span> 
     </span>
     <span class='ocr_line' id='line_1_17' title="bbox 217 3115 1599 3202; baseline 0.001 -17"><span class='ocrx_word' id='word_1_162' title='bbox 217 3121 298 3186; x_wconf 87' lang='lat' dir='ltr'><strong>dum</strong></span> <span class='ocrx_word' id='word_1_163' title='bbox 318 3119 358 3183; x_wconf 86' lang='lat' dir='ltr'><strong>de</strong></span> <span class='ocrx_word' id='word_1_164' title='bbox 378 3116 566 3202; x_wconf 68' lang='lat' dir='ltr'><strong>capitalibus</strong></span> <span class='ocrx_word' id='word_1_165' title='bbox 585 3117 723 3180; x_wconf 84' lang='lat' dir='ltr'><strong>dominis</strong></span> <span class='ocrx_word' id='word_1_166' title='bbox 752 3115 836 3180; x_wconf 84' lang='lat' dir='ltr'><strong>iecdi</strong></span> <span class='ocrx_word' id='word_1_167' title='bbox 863 3115 949 3180; x_wconf 85' lang='lat' dir='ltr'><strong>illiue</strong></span> <span class='ocrx_word' id='word_1_168' title='bbox 967 3135 1025 3200; x_wconf 86' lang='lat' dir='ltr'><strong>per</strong></span> <span class='ocrx_word' id='word_1_169' title='bbox 1044 3116 1258 3199; x_wconf 74' lang='lat' dir='ltr'><strong>cervicisque</strong></span> <span class='ocrx_word' id='word_1_170' title='bbox 1277 3117 1318 3182; x_wconf 81' lang='lat' dir='ltr'><strong>ed</strong></span> <span class='ocrx_word' id='word_1_171' title='bbox 1338 3119 1395 3183; x_wconf 83' lang='lat' dir='ltr'><strong>ille</strong></span> <span class='ocrx_word' id='word_1_172' title='bbox 1413 3127 1599 3188; x_wconf 85' lang='lat' dir='ltr'><strong>tenemente</strong></span> 
     </span>
     <span class='ocr_line' id='line_1_18' title="bbox 218 3245 1600 3334; baseline 0.001 -20"><span class='ocrx_word' id='word_1_173' title='bbox 218 3251 393 3334; x_wconf 77' lang='lat' dir='ltr'><strong>pertinent</strong></span> <span class='ocrx_word' id='word_1_174' title='bbox 433 3248 479 3310; x_wconf 79' lang='lat' dir='ltr'><strong>lit</strong></span> <span class='ocrx_word' id='word_1_175' title='bbox 493 3247 521 3310; x_wconf 88' lang='lat' dir='ltr'><strong>ei</strong></span> <span class='ocrx_word' id='word_1_176' title='bbox 534 3247 698 3328; x_wconf 78' lang='lat' dir='ltr'><strong>continget</strong></span> <span class='ocrx_word' id='word_1_177' title='bbox 717 3245 801 3328; x_wconf 87' lang='lat' dir='ltr'><strong>qued</strong></span> <span class='ocrx_word' id='word_1_178' title='bbox 812 3245 957 3328; x_wconf 78' lang='lat' dir='ltr'><strong>predicte</strong></span> <span class='ocrx_word' id='word_1_179' title='bbox 976 3245 1091 3310; x_wconf 73' lang='lat' dir='ltr'><strong>Arrun</strong></span> <span class='ocrx_word' id='word_1_180' title='bbox 1111 3247 1224 3311; x_wconf 87' lang='lat' dir='ltr'><strong>obierit</strong></span> <span class='ocrx_word' id='word_1_181' title='bbox 1237 3247 1307 3311; x_wconf 84' lang='lat' dir='ltr'><strong>eine</strong></span> <span class='ocrx_word' id='word_1_182' title='bbox 1319 3247 1435 3314; x_wconf 85' lang='lat' dir='ltr'><strong>herede</strong></span> <span class='ocrx_word' id='word_1_183' title='bbox 1454 3251 1600 3316; x_wconf 83' lang='lat' dir='ltr'><strong>mercule</strong></span> 
     </span>
     <span class='ocr_line' id='line_1_19' title="bbox 217 3377 1597 3464; baseline 0 -16"><span class='ocrx_word' id='word_1_184' title='bbox 217 3381 262 3448; x_wconf 81' lang='lat' dir='ltr'><strong>de</strong></span> <span class='ocrx_word' id='word_1_185' title='bbox 281 3399 412 3464; x_wconf 80' lang='lat' dir='ltr'><strong>corpere</strong></span> <span class='ocrx_word' id='word_1_186' title='bbox 432 3399 490 3444; x_wconf 80' lang='lat' dir='ltr'><strong>suc</strong></span> <span class='ocrx_word' id='word_1_187' title='bbox 510 3387 675 3461; x_wconf 86' lang='lat' dir='ltr'><strong>procreetc</strong></span> <span class='ocrx_word' id='word_1_188' title='bbox 694 3385 773 3441; x_wconf 86' lang='lat' dir='ltr'><strong>tunc</strong></span> <span class='ocrx_word' id='word_1_189' title='bbox 792 3384 866 3460; x_wconf 89' lang='lat' dir='ltr'><strong>poet</strong></span> <span class='ocrx_word' id='word_1_190' title='bbox 886 3377 1050 3442; x_wconf 76' lang='lat' dir='ltr'><strong>decerem</strong></span> <span class='ocrx_word' id='word_1_191' title='bbox 1070 3377 1171 3460; x_wconf 79' lang='lat' dir='ltr'><strong>ipsine</strong></span> <span class='ocrx_word' id='word_1_192' title='bbox 1190 3378 1307 3442; x_wconf 75' lang='lat' dir='ltr'><strong>Amo!</strong></span> <span class='ocrx_word' id='word_1_193' title='bbox 1336 3379 1480 3462; x_wconf 77' lang='lat' dir='ltr'><strong>predicte</strong></span> <span class='ocrx_word' id='word_1_194' title='bbox 1508 3389 1597 3448; x_wconf 85' lang='lat' dir='ltr'><strong>tene·</strong></span> 
     </span>
     <span class='ocr_line' id='line_1_20' title="bbox 218 3506 1595 3596; baseline -0.001 -18"><span class='ocrx_word' id='word_1_195' title='bbox 218 3517 331 3578; x_wconf 81' lang='lat' dir='ltr'><strong>mente</strong></span> <span class='ocrx_word' id='word_1_196' title='bbox 356 3531 430 3575; x_wconf 84' lang='lat' dir='ltr'><strong>curn</strong></span> <span class='ocrx_word' id='word_1_197' title='bbox 454 3509 653 3593; x_wconf 83' lang='lat' dir='ltr'><strong>pertinentiis</strong></span> <span class='ocrx_word' id='word_1_198' title='bbox 672 3509 794 3591; x_wconf 81' lang='lat' dir='ltr'><strong>integre</strong></span> <span class='ocrx_word' id='word_1_199' title='bbox 813 3506 1024 3572; x_wconf 71' lang='lat' dir='ltr'><strong>remanebunt</strong></span> <span class='ocrx_word' id='word_1_200' title='bbox 1044 3507 1200 3572; x_wconf 81' lang='lat' dir='ltr'><strong>Boenuuc</strong></span> <span class='ocrx_word' id='word_1_201' title='bbox 1219 3507 1285 3574; x_wconf 88' lang='lat' dir='ltr'><strong>iilic</strong></span> <span class='ocrx_word' id='word_1_202' title='bbox 1297 3517 1331 3574; x_wconf 88' lang='lat' dir='ltr'><strong>et</strong></span> <span class='ocrx_word' id='word_1_203' title='bbox 1343 3510 1452 3576; x_wconf 87' lang='lat' dir='ltr'><strong>heredi</strong></span> <span class='ocrx_word' id='word_1_204' title='bbox 1472 3513 1595 3596; x_wconf 64' lang='lat' dir='ltr'><strong>Winte-</strong></span> 
     </span>
     <span class='ocr_line' id='line_1_21' title="bbox 217 3639 1593 3725; baseline -0.001 -15"><span class='ocrx_word' id='word_1_205' title='bbox 217 3663 305 3710; x_wconf 78' lang='lat' dir='ltr'><strong>rur</strong></span> <span class='ocrx_word' id='word_1_206' title='bbox 330 3643 373 3708; x_wconf 89' lang='lat' dir='ltr'><strong>de</strong></span> <span class='ocrx_word' id='word_1_207' title='bbox 404 3645 439 3708; x_wconf 81' lang='lat' dir='ltr'><strong>ie</strong></span> <span class='ocrx_word' id='word_1_208' title='bbox 471 3643 572 3706; x_wconf 81' lang='lat' dir='ltr'><strong>Mene</strong></span> <span class='ocrx_word' id='word_1_209' title='bbox 602 3643 641 3705; x_wconf 89' lang='lat' dir='ltr'><strong>de</strong></span> <span class='ocrx_word' id='word_1_210' title='bbox 672 3641 876 3706; x_wconf 81' lang='lat' dir='ltr'><strong>Lsuuurrcu</strong></span> <span class='ocrx_word' id='word_1_211' title='bbox 904 3639 944 3704; x_wconf 90' lang='lat' dir='ltr'><strong>de</strong></span> <span class='ocrx_word' id='word_1_212' title='bbox 964 3639 1136 3704; x_wconf 74' lang='lat' dir='ltr'><strong>Knrennu</strong></span> <span class='ocrx_word' id='word_1_213' title='bbox 1169 3657 1275 3706; x_wconf 83' lang='lat' dir='ltr'><strong>serore</strong></span> <span class='ocrx_word' id='word_1_214' title='bbox 1303 3641 1446 3725; x_wconf 87' lang='lat' dir='ltr'><strong>predicte</strong></span> <span class='ocrx_word' id='word_1_215' title='bbox 1476 3643 1593 3710; x_wconf 79' lang='lat' dir='ltr'><strong>Amen</strong></span> 
     </span>
     <span class='ocr_line' id='line_1_22' title="bbox 219 3771 1596 3859; baseline 0.002 -22"><span class='ocrx_word' id='word_1_216' title='bbox 219 3781 385 3859; x_wconf 67' lang='lat' dir='ltr'><strong>merente</strong></span> <span class='ocrx_word' id='word_1_217' title='bbox 404 3781 437 3838; x_wconf 91' lang='lat' dir='ltr'><strong>et</strong></span> <span class='ocrx_word' id='word_1_218' title='bbox 456 3772 624 3837; x_wconf 84' lang='lat' dir='ltr'><strong>heredibus</strong></span> <span class='ocrx_word' id='word_1_219' title='bbox 653 3771 803 3836; x_wconf 78' lang='lat' dir='ltr'><strong>musculis</strong></span> <span class='ocrx_word' id='word_1_220' title='bbox 822 3771 862 3835; x_wconf 90' lang='lat' dir='ltr'><strong>de</strong></span> <span class='ocrx_word' id='word_1_221' title='bbox 882 3789 1012 3853; x_wconf 89' lang='lat' dir='ltr'><strong>corpure</strong></span> <span class='ocrx_word' id='word_1_222' title='bbox 1032 3789 1090 3835; x_wconf 89' lang='lat' dir='ltr'><strong>euc</strong></span> <span class='ocrx_word' id='word_1_223' title='bbox 1109 3771 1293 3852; x_wconf 85' lang='lat' dir='ltr'><strong>procreetis.</strong></span> <span class='ocrx_word' id='word_1_224' title='bbox 1341 3771 1527 3838; x_wconf 73' lang='lat' dir='ltr'><strong>Tenendum</strong></span> <span class='ocrx_word' id='word_1_225' title='bbox 1555 3773 1596 3840; x_wconf 85' lang='lat' dir='ltr'><strong>de</strong></span> 
     </span>
     <span class='ocr_line' id='line_1_23' title="bbox 218 3899 1596 3986; baseline 0.001 -18"><span class='ocrx_word' id='word_1_226' title='bbox 218 3903 409 3986; x_wconf 74' lang='lat' dir='ltr'><strong>cupitniibue</strong></span> <span class='ocrx_word' id='word_1_227' title='bbox 427 3901 564 3967; x_wconf 83' lang='lat' dir='ltr'><strong>dominis</strong></span> <span class='ocrx_word' id='word_1_228' title='bbox 582 3903 667 3966; x_wconf 84' lang='lat' dir='ltr'><strong>iecdi</strong></span> <span class='ocrx_word' id='word_1_229' title='bbox 685 3901 770 3967; x_wconf 87' lang='lat' dir='ltr'><strong>illius</strong></span> <span class='ocrx_word' id='word_1_230' title='bbox 789 3921 846 3983; x_wconf 90' lang='lat' dir='ltr'><strong>per</strong></span> <span class='ocrx_word' id='word_1_231' title='bbox 865 3902 998 3966; x_wconf 72' lang='lat' dir='ltr'><strong>servicia</strong></span> <span class='ocrx_word' id='word_1_232' title='bbox 1017 3920 1078 3984; x_wconf 89' lang='lat' dir='ltr'><strong>que</strong></span> <span class='ocrx_word' id='word_1_233' title='bbox 1091 3900 1133 3965; x_wconf 81' lang='lat' dir='ltr'><strong>ed</strong></span> <span class='ocrx_word' id='word_1_234' title='bbox 1146 3899 1203 3966; x_wconf 78' lang='lat' dir='ltr'><strong>itte</strong></span> <span class='ocrx_word' id='word_1_235' title='bbox 1220 3909 1405 3966; x_wconf 83' lang='lat' dir='ltr'><strong>tenemeute</strong></span> <span class='ocrx_word' id='word_1_236' title='bbox 1423 3902 1596 3984; x_wconf 76' lang='lat' dir='ltr'><strong>pertinent«</strong></span> 
     </span>
     <span class='ocr_line' id='line_1_24' title="bbox 219 4031 1595 4117; baseline 0.001 -17"><span class='ocrx_word' id='word_1_237' title='bbox 219 4038 262 4100; x_wconf 80' lang='lat' dir='ltr'><strong>itt</strong></span> <span class='ocrx_word' id='word_1_238' title='bbox 281 4035 311 4099; x_wconf 87' lang='lat' dir='ltr'><strong>si</strong></span> <span class='ocrx_word' id='word_1_239' title='bbox 330 4034 495 4117; x_wconf 78' lang='lat' dir='ltr'><strong>continget</strong></span> <span class='ocrx_word' id='word_1_240' title='bbox 514 4033 599 4117; x_wconf 87' lang='lat' dir='ltr'><strong>quod</strong></span> <span class='ocrx_word' id='word_1_241' title='bbox 617 4033 778 4116; x_wconf 88' lang='lat' dir='ltr'><strong>predictus</strong></span> <span class='ocrx_word' id='word_1_242' title='bbox 805 4033 981 4098; x_wconf 81' lang='lat' dir='ltr'><strong>Boeuurue</strong></span> <span class='ocrx_word' id='word_1_243' title='bbox 1011 4031 1124 4097; x_wconf 88' lang='lat' dir='ltr'><strong>obierit</strong></span> <span class='ocrx_word' id='word_1_244' title='bbox 1155 4032 1224 4096; x_wconf 88' lang='lat' dir='ltr'><strong>eine</strong></span> <span class='ocrx_word' id='word_1_245' title='bbox 1250 4031 1367 4097; x_wconf 88' lang='lat' dir='ltr'><strong>herede</strong></span> <span class='ocrx_word' id='word_1_246' title='bbox 1394 4033 1535 4098; x_wconf 76' lang='lat' dir='ltr'><strong>musculo</strong></span> <span class='ocrx_word' id='word_1_247' title='bbox 1553 4034 1595 4102; x_wconf 84' lang='lat' dir='ltr'><strong>de</strong></span> 
     </span>
     <span class='ocr_line' id='line_1_25' title="bbox 215 4161 1595 4249; baseline 0.001 -20"><span class='ocrx_word' id='word_1_248' title='bbox 215 4183 346 4249; x_wconf 78' lang='lat' dir='ltr'><strong>corpere</strong></span> <span class='ocrx_word' id='word_1_249' title='bbox 357 4183 417 4230; x_wconf 79' lang='lat' dir='ltr'><strong>unc</strong></span> <span class='ocrx_word' id='word_1_250' title='bbox 427 4169 594 4247; x_wconf 73' lang='lat' dir='ltr'><strong>procreato</strong></span> <span class='ocrx_word' id='word_1_251' title='bbox 614 4169 693 4228; x_wconf 90' lang='lat' dir='ltr'><strong>tnnc</strong></span> <span class='ocrx_word' id='word_1_252' title='bbox 706 4169 779 4246; x_wconf 86' lang='lat' dir='ltr'><strong>poet</strong></span> <span class='ocrx_word' id='word_1_253' title='bbox 792 4163 957 4228; x_wconf 85' lang='lat' dir='ltr'><strong>decessum</strong></span> <span class='ocrx_word' id='word_1_254' title='bbox 969 4163 1068 4246; x_wconf 88' lang='lat' dir='ltr'><strong>ipeius</strong></span> <span class='ocrx_word' id='word_1_255' title='bbox 1081 4163 1231 4228; x_wconf 58' lang='lat' dir='ltr'><strong>Munere</strong></span> <span class='ocrx_word' id='word_1_256' title='bbox 1248 4161 1392 4247; x_wconf 86' lang='lat' dir='ltr'><strong>predicte</strong></span> <span class='ocrx_word' id='word_1_257' title='bbox 1409 4170 1595 4231; x_wconf 81' lang='lat' dir='ltr'><strong>teuemeute</strong></span> 
     </span>
     <span class='ocr_line' id='line_1_26' title="bbox 214 4283 1605 4378; baseline 0.001 -16"><span class='ocrx_word' id='word_1_258' title='bbox 214 4314 290 4362; x_wconf 81' lang='lat' dir='ltr'><strong>cum</strong></span> <span class='ocrx_word' id='word_1_259' title='bbox 318 4295 521 4378; x_wconf 84' lang='lat' dir='ltr'><strong>pertinentiis</strong></span> <span class='ocrx_word' id='word_1_260' title='bbox 549 4295 670 4378; x_wconf 78' lang='lat' dir='ltr'><strong>integre</strong></span> <span class='ocrx_word' id='word_1_261' title='bbox 700 4295 910 4359; x_wconf 86' lang='lat' dir='ltr'><strong>remeuebuut</strong></span> <span class='ocrx_word' id='word_1_262' title='bbox 941 4293 1075 4360; x_wconf 75' lang='lat' dir='ltr'><strong>Suum</strong></span> <span class='ocrx_word' id='word_1_263' title='bbox 1100 4293 1141 4359; x_wconf 86' lang='lat' dir='ltr'><strong>de</strong></span> <span class='ocrx_word' id='word_1_264' title='bbox 1160 4295 1294 4358; x_wconf 78' lang='lat' dir='ltr'><strong>Peme</strong></span> <span class='ocrx_word' id='word_1_265' title='bbox 1323 4293 1423 4358; x_wconf 80' lang='lat' dir='ltr'><strong>teucri</strong></span> <span class='ocrx_word' id='word_1_266' title='bbox 1451 4283 1605 4378; x_wconf 73' lang='lat' dir='ltr'><strong>predicte</strong></span> 
     </span>
     <span class='ocr_line' id='line_1_27' title="bbox 215 4423 1608 4524; baseline 0.001 -32"><span class='ocrx_word' id='word_1_267' title='bbox 215 4423 334 4492; x_wconf 73' lang='lat' dir='ltr'><strong>hum</strong></span> <span class='ocrx_word' id='word_1_268' title='bbox 345 4430 381 4489; x_wconf 84' lang='lat' dir='ltr'><strong>et</strong></span> <span class='ocrx_word' id='word_1_269' title='bbox 392 4423 562 4489; x_wconf 78' lang='lat' dir='ltr'><strong>heredebus</strong></span> <span class='ocrx_word' id='word_1_270' title='bbox 580 4424 731 4490; x_wconf 79' lang='lat' dir='ltr'><strong>musculis</strong></span> <span class='ocrx_word' id='word_1_271' title='bbox 743 4423 783 4490; x_wconf 89' lang='lat' dir='ltr'><strong>de</strong></span> <span class='ocrx_word' id='word_1_272' title='bbox 803 4443 933 4508; x_wconf 86' lang='lat' dir='ltr'><strong>corpore</strong></span> <span class='ocrx_word' id='word_1_273' title='bbox 953 4443 1011 4488; x_wconf 88' lang='lat' dir='ltr'><strong>euc</strong></span> <span class='ocrx_word' id='word_1_274' title='bbox 1031 4423 1213 4508; x_wconf 81' lang='lat' dir='ltr'><strong>procreetis</strong></span> <span class='ocrx_word' id='word_1_275' title='bbox 1253 4423 1440 4491; x_wconf 68' lang='lat' dir='ltr'><strong>Tenendum</strong></span> <span class='ocrx_word' id='word_1_276' title='bbox 1453 4424 1493 4491; x_wconf 87' lang='lat' dir='ltr'><strong>de</strong></span> <span class='ocrx_word' id='word_1_277' title='bbox 1506 4427 1608 4524; x_wconf 71' lang='lat' dir='ltr'><strong>cupi·¹</strong></span> 
     </span>
     <span class='ocr_line' id='line_1_28' title="bbox 215 4551 1590 4640; baseline 0.002 -20"><span class='ocrx_word' id='word_1_278' title='bbox 215 4553 335 4620; x_wconf 65' lang='lat' dir='ltr'><strong>editur</strong></span> <span class='ocrx_word' id='word_1_279' title='bbox 359 4551 499 4620; x_wconf 79' lang='lat' dir='ltr'><strong>dumiuie</strong></span> <span class='ocrx_word' id='word_1_280' title='bbox 527 4553 613 4620; x_wconf 81' lang='lat' dir='ltr'><strong>teudi</strong></span> <span class='ocrx_word' id='word_1_281' title='bbox 641 4554 726 4619; x_wconf 83' lang='lat' dir='ltr'><strong>illiue</strong></span> <span class='ocrx_word' id='word_1_282' title='bbox 752 4573 811 4637; x_wconf 88' lang='lat' dir='ltr'><strong>per</strong></span> <span class='ocrx_word' id='word_1_283' title='bbox 829 4553 962 4620; x_wconf 83' lang='lat' dir='ltr'><strong>servicie</strong></span> <span class='ocrx_word' id='word_1_284' title='bbox 980 4575 1042 4640; x_wconf 84' lang='lat' dir='ltr'><strong>que</strong></span> <span class='ocrx_word' id='word_1_285' title='bbox 1062 4554 1104 4619; x_wconf 79' lang='lat' dir='ltr'><strong>ed</strong></span> <span class='ocrx_word' id='word_1_286' title='bbox 1123 4555 1181 4622; x_wconf 82' lang='lat' dir='ltr'><strong>ille</strong></span> <span class='ocrx_word' id='word_1_287' title='bbox 1209 4561 1394 4622; x_wconf 77' lang='lat' dir='ltr'><strong>tenemente</strong></span> <span class='ocrx_word' id='word_1_288' title='bbox 1418 4555 1590 4639; x_wconf 80' lang='lat' dir='ltr'><strong>pertinent.</strong></span> 
     </span>
     <span class='ocr_line' id='line_1_29' title="bbox 216 4683 1590 4774; baseline -0.001 -22"><span class='ocrx_word' id='word_1_289' title='bbox 216 4683 477 4772; x_wconf 68' lang='lat' dir='ltr'><strong>htticcniiupet</strong></span> <span class='ocrx_word' id='word_1_290' title='bbox 496 4683 738 4774; x_wconf 61' lang='lat' dir='ltr'><strong>qucdmedicte</strong></span> <span class='ocrx_word' id='word_1_291' title='bbox 757 4685 892 4756; x_wconf 60' lang='lat' dir='ltr'><strong>hun</strong></span> <span class='ocrx_word' id='word_1_292' title='bbox 910 4683 1235 4754; x_wconf 76' lang='lat' dir='ltr'><strong>cbiedtriueherede</strong></span> <span class='ocrx_word' id='word_1_293' title='bbox 1253 4683 1590 4770; x_wconf 70' lang='lat' dir='ltr'><strong>mmulcdeecrpcre</strong></span> 
     </span>
    </p>
   </div>
   <div class='ocr_carea' id='block_1_2' title="bbox 0 0 1982 5488">
    <p class='ocr_par' dir='ltr' id='par_1_2' title="bbox 0 0 1982 5488">
     <span class='ocr_line' id='line_1_30' title="bbox 0 0 1982 5488; baseline 0 0"><span class='ocrx_word' id='word_1_294' title='bbox 0 0 1982 5488; x_wconf 95' lang='lat' dir='ltr'><strong> </strong></span> 
     </span>
    </p>
   </div>
  </div>
 </body>
</html>
