3956 5488
416 757 476 820 284

376 1063 548 1128 Hernicus
568 1063 608 1126 de
629 1063 753 1130 Vnmas
773 1063 807 1128 in
827 1063 919 1129 feodo
933 1063 972 1130 de
985 1064 1138 1130 Teneone
1158 1063 1236 1131 vid't
1258 1069 1361 1130 totam
1383 1055 1503 1128 terram
1523 1079 1584 1146 qne
1604 1067 1653 1152 est
1673 1061 1754 1124 inter

376 1196 435 1260 hus
456 1202 593 1278 quatuor
612 1195 764 1260 terminos
785 1195 827 1259 ab
846 1193 1035 1261 occidentali
1064 1201 1156 1278 perte
1176 1215 1257 1280 aque
1278 1197 1318 1260 de
1339 1197 1471 1260 Louna:
1508 1213 1530 1258 a
1556 1192 1686 1260 meridie
1714 1192 1753 1256 ri·

375 1326 468 1390 vulne
499 1325 553 1408 qui
583 1331 715 1388 vocatur
743 1325 901 1388 Wmuum
921 1330 954 1390 et
975 1345 995 1388 a
1014 1325 1119 1408 capite
1139 1325 1223 1389 illius
1243 1325 1336 1390 rivuli
1363 1325 1554 1389 indirectum
1583 1343 1684 1408 nsque
1714 1323 1757 1389 sd

376 1457 496 1520 iussam
516 1476 578 1539 que
597 1464 647 1520 est
660 1545 663 1550 Ι
676 1457 736 1522 snb
766 1457 955 1521 Paunnwss
976 1462 1009 1520 et
1028 1453 1102 1521 inde
1127 1475 1226 1539 nsque
1247 1457 1288 1520 sd
1308 1457 1484 1539 proximum
1512 1455 1647 1520 rivulum
1675 1453 1766 1518 siout

377 1587 463 1651 idem
482 1587 602 1651 rivulus
621 1587 708 1652 cedit
727 1587 761 1651 in
782 1587 853 1662 Lm,
885 1587 927 1652 ab
946 1587 1093 1652 orientali
1113 1594 1204 1668 parte
1225 1605 1305 1670 eque
1326 1587 1396 1660 Lrv,
1425 1585 1466 1650 ab
1487 1585 1660 1668 aquilonali
1693 1585 1763 1648 duo

375 1719 468 1784 rivuli
488 1718 543 1801 qui
562 1719 707 1782 oriuntur
725 1719 810 1783 inter
830 1718 1037 1782 Kaunseerrs
1057 1725 1090 1782 et
1110 1717 1373 1784 Gerrunuououn
1395 1735 1528 1800 quorum
1557 1735 1640 1782 unns
1670 1714 1757 1780 cedit

375 1851 409 1913 in
430 1850 546 1914 Loeoe
564 1855 597 1914 et
618 1849 701 1914 ulter
719 1849 753 1914 in
766 1849 829 1912 Iuv
848 1868 871 1931 p
873 1894 988 1914 .........
991 1853 1084 1933 juxte
1104 1849 1266 1912 mrum
1287 1854 1319 1912 et
1333 1849 1488 1930 capellam
1502 1846 1551 1911 Sti
1565 1845 1778 1940 bitumum-t

376 1981 416 2044 de
437 1979 550 2044 ciero
570 1999 631 2063 qne
651 1985 701 2045 est
720 1981 805 2046 inter
824 1981 926 2045 dictos
952 1981 1106 2046 terminos
1126 1979 1220 2044 simul
1240 1997 1313 2043 oum
1332 1944 1479 2042 omnibus
1499 1977 1685 2042 aisammrtis
1704 1981 1752 2041 to·

378 2111 446 2175 cius
466 2109 551 2174 feodi
570 2109 610 2174 ds
630 2111 784 2175 amman
804 2111 838 2174 in
857 2111 984 2193 pascuis
1003 2117 1037 2175 et
1058 2109 1148 2192 equis
1160 2111 1194 2173 in
1207 2111 1304 2174 moris
1325 2117 1358 2173 st
1378 2108 1529 2172 mariscis.
1571 2109 1617 2171 Et
1641 2107 1756 2190 ubique

379 2241 634 2306 communionem
653 2242 687 2304 in
706 2243 845 2324 pasturis
865 2249 898 2307 et
918 2244 1032 2308 ceteris
1052 2243 1248 2308 aisiamentis
1267 2243 1309 2306 ud
1328 2242 1507 2324 predictum
1527 2239 1654 2304 feodum
1684 2259 1752 2320 per-

380 2371 547 2435 tinentem.
588 2371 660 2434 Heu
681 2371 788 2436 omnia
807 2371 879 2436 dedi
898 2372 1048 2453 predictis
1075 2373 1240 2439 monachis
1260 2373 1294 2435 in
1315 2373 1447 2437 liberam
1466 2370 1672 2436 elemosinam
1698 2371 1754 2433 im·

379 2507 578 2584 perpetuum.
620 2505 663 2565 Et
677 2520 736 2584 ego
749 2507 781 2566 et
795 2502 927 2567 heredes
939 2503 1003 2567 mei
1016 2504 1124 2568 omnia
1142 2504 1285 2586 predicta
1298 2521 1371 2568 cnm
1383 2502 1585 2584 pertinenciis
1604 2501 1756 2583 predictis

380 2633 547 2697 monacbis
567 2637 600 2697 et
620 2652 729 2696 eorum
749 2633 982 2700 successoribus
1001 2641 1114 2698 contra
1133 2653 1243 2698 omnes
1263 2640 1373 2716 gentes
1403 2631 1680 2696 warantizabimus
1699 2631 1757 2694 im·

380 2771 579 2847 perpetuum.
621 2764 662 2828 In
683 2765 774 2848 cujus
793 2765 840 2829 rei
858 2764 1044 2830 memoriam
1074 2765 1282 2836 bonumeam
1302 2771 1424 2828 certam
1443 2764 1562 2827 eisdem
1594 2763 1761 2826 monachis

334 2879 341 2892 ’
380 2894 441 2960 ieci
461 2902 494 2958 et
508 2895 610 2976 sigillo
629 2913 701 2960 meo
726 2895 919 2977 consignavi.
961 2895 1035 2960 Hiis
1055 2895 1190 2960 testibus
1215 2895 1360 2959 Aruerno
1386 2895 1553 2959 monacho.
1610 2897 1767 2961 enervos·

383 3025 546 3090 secerdote
567 3026 754 3091 Wmunmro
774 3025 814 3090 de
833 3024 1007 3090 leronem
1026 3031 1059 3090 ot
1078 3025 1188 3090 multis
1209 3025 1289 3090 aliis.

422 3155 572 3220 Preteres
590 3155 785 3238 inspeximus
805 3162 928 3220 cartam
955 3155 1134 3220 Wmuamrr
1158 3156 1319 3240 quondam
1346 3157 1471 3222 comitis
1490 3157 1530 3222 de
1552 3157 1707 3222 wiewrx
1727 3163 1761 3222 et

321 3299 323 3304 ’
381 3285 438 3350 dni
459 3287 603 3350 Goun'm
625 3284 684 3349 sub
703 3304 742 3350 oo
761 3285 816 3369 qui
835 3285 977 3368 sequitur
997 3293 1116 3351 tenore.

424 3417 534 3481 Sciant
562 3423 725 3497 presentes
746 3423 779 3481 et
804 3417 903 3480 futuri
928 3416 1012 3500 quod
1042 3435 1100 3498 ego
1128 3417 1333 3483 Wmuemrus
1362 3429 1467 3484 domes
1487 3417 1526 3484 de
1547 3419 1703 3484 Wsawrr
1723 3427 1755 3485 et

385 3547 458 3610 dn's
486 3545 526 3609 de
557 3547 705 3611 Gouwna
735 3547 777 3610 do
797 3553 831 3612 et
851 3547 1005 3612 confirmo
1025 3547 1095 3611 Deo
1114 3553 1147 3612 et
1168 3547 1318 3613 abbatbie
1336 3548 1517 3613 dc‘Nsurs
1538 3556 1571 3614 et
1592 3551 1759 3616 monachis

382 3679 499 3746 ibidem
520 3681 590 3744 Deo
610 3679 819 3744 servientibus
839 3685 942 3745 totam
960 3679 1049 3746 illam
1068 3679 1277 3746 donacionem
1304 3681 1495 3765 quemfecit
1515 3681 1561 3746 eie
1580 3681 1755 3747 Husmous

383 3830 489 3876 comes
509 3811 549 3874 de
569 3811 725 3874 Wsnwrx
745 3815 926 3874 antecessor
944 3829 1034 3874 meus
1053 3809 1131 3876 vid't
1151 3829 1249 3876 unam
1268 3811 1435 3892 piscariam
1464 3816 1541 3893 [etc.
1568 3813 1627 3878 sub
1655 3812 1764 3878 verbis

384 3942 626 4024 precedentibus
647 3961 747 4024 usqne
765 3941 807 4006 ed
826 3942 974 4024 verbnm]
1001 3943 1224 4025 pertinentem.
1265 3943 1337 4007 Heu
1365 3943 1473 4008 omnia
1491 3943 1534 4006 do
1552 3949 1586 4007 et
1606 3944 1769 4008 confirmo·

384 4073 535 4155 predictis
555 4073 719 4137 monachis
738 4077 771 4138 et
791 4089 900 4138 eorum
920 4071 1151 4139 successoribus
1172 4070 1266 4138 simul
1285 4091 1358 4137 oum
1385 4071 1532 4138 libertate
1551 4072 1591 4138 de
1611 4074 1773 4138 theloneo-

383 4211 417 4269 et
444 4207 532 4272 omni
551 4205 780 4271 cousuetudine
799 4203 933 4270 seculari
952 4223 1009 4286 pro
1029 4221 1214 4288 quecunque
1242 4203 1425 4270 venditione
1448 4205 1500 4270 vel
1521 4206 1683 4288 empcione
1702 4225 1759 4289 per

384 4355 419 4400 se
439 4335 489 4400 vel
509 4355 566 4417 per
586 4355 660 4400 suos
680 4337 768 4401 iactu
786 4335 835 4401 vel
855 4334 1000 4400 iacienda
1018 4353 1075 4416 per
1105 4340 1208 4402 totam
1235 4340 1353 4400 terram
1382 4355 1488 4402 msam
1507 4336 1541 4400 in
1561 4337 1703 4402 futurum
1723 4339 1758 4401 in

383 4465 516 4528 liberam
535 4483 648 4544 puram
668 4473 701 4531 et
721 4471 906 4548 perpetuam
924 4465 1132 4532 elimosinam.
1173 4465 1218 4536 Et
1231 4485 1270 4530 ea
1283 4467 1391 4532 omniu
1410 4475 1443 4532 et
1463 4467 1588 4550 singule
1608 4475 1676 4534 tem
1697 4487 1756 4551 ego

383 4613 480 4676 quam
499 4594 632 4658 heredes
652 4595 714 4658 mei
734 4595 853 4660 eisdem
872 4595 906 4659 in
926 4595 1028 4661 forma
1044 4595 1188 4679 predicta
1207 4597 1485 4662 warantizabimus
1513 4598 1753 4680 imperpetuum.

387 4729 430 4790 Et
450 4725 524 4808 qnia
544 4724 756 4820 dissensiones
776 4743 850 4808 sepe
870 4725 998 4792 fuerunt
1017 4725 1101 4792 iuter
1119 4743 1171 4792 me
1191 4731 1224 4792 et
1244 4725 1346 4792 dictos
1375 4725 1548 4796 monachos
1567 4748 1625 4812 pru
1644 4727 1769 4797 fluibus·
