3932 5498
1464 761 1523 826 183

185 1059 271 1141 giem
291 1057 328 1122 in
349 1056 511 1124 hermeus
530 1074 604 1125 eum
620 1041 821 1144 pertinentiis
841 1061 961 1128 scilieet
985 1061 1063 1128 iilud
1083 1062 1294 1146 messusgium
1313 1062 1397 1145 quod
1415 1062 1500 1144 ieret
1520 1082 1560 1126 ex

186 1197 279 1272 perte
307 1191 508 1256 meridioneli
541 1193 671 1258 suelssie
697 1193 746 1260 sti
776 1195 921 1261 Doeunu
954 1196 1045 1278 juxte
1075 1193 1272 1262 cimiterium.
1313 1193 1499 1258 Tenendum
1526 1197 1561 1257 et

183 1319 370 1386 habendum
390 1322 450 1386 sibi
469 1327 502 1386 et
521 1322 689 1390 heredibus
713 1325 779 1390 suis
800 1325 851 1389 vel
869 1327 939 1408 ejus
968 1324 1136 1408 resignetis
1154 1324 1195 1390 de
1215 1323 1329 1389 sbbste
1349 1329 1382 1387 et
1402 1330 1561 1388 eonsentu

183 1449 223 1514 de
242 1451 504 1516 Tnnonnsnnnm
523 1452 697 1519 seeundum
726 1453 860 1522 tormem
885 1473 981 1538 quem
1000 1473 1058 1538 epo
1077 1453 1254 1538 predictum
1273 1454 1464 1536 meesegium
1484 1473 1558 1520 eum

180 1579 384 1662 pertinentiis
403 1582 492 1647 tenni
511 1581 656 1649 videlieet
676 1582 826 1650 solvendo
844 1601 902 1667 pre
915 1603 966 1649 me
980 1585 1146 1652 snnuetim
1164 1584 1294 1668 pretetie
1314 1581 1423 1653 ebbsti
1435 1593 1469 1652 et
1482 1604 1555 1652 een·

182 1712 294 1774 ventui
313 1711 358 1774 de
371 1710 616 1776 i'nnornssms
636 1719 771 1796 quatuor
790 1713 936 1779 densrios
950 1713 991 1780 sd
1004 1715 1121 1780 festum
1142 1712 1191 1780 su
1211 1711 1375 1781 Mremms
1394 1733 1452 1797 pre
1471 1715 1559 1780 omni

181 1841 316 1907 servicio
338 1849 371 1906 et
390 1843 548 1909 demends
567 1843 710 1909 senuimi
752 1847 820 1927 Ege
841 1852 950 1911 eutem
978 1845 1138 1928 predictus
1167 1847 1355 1912 Wmmeus
1375 1853 1408 1911 et
1428 1847 1559 1914 heredes

184 1973 245 2037 mei
263 1973 445 2056 predictum
463 1976 677 2059 meesnsgium
696 1996 767 2042 enm
787 1977 987 2060 pertinentiis
1011 1979 1152 2060 predicto
1180 1978 1366 2045 Wunnnsre
1386 1984 1418 2042 et
1437 1977 1558 2042 heredi·

182 2103 242 2168 bus
261 2105 333 2170 suis
345 2105 395 2170 rei
408 2105 477 2188 sins
501 2087 688 2189 sessignetis
707 2113 820 2173 contre
838 2127 949 2174 omnes
967 2108 1112 2173 homines
1133 2115 1166 2174 et
1187 2107 1321 2174 {emines
1339 2107 1559 2191 inperpetuum

180 2235 472 2334 remeabimus.
513 2238 558 2302 iit
577 2249 615 2304 nt
634 2259 707 2304 mss
726 2239 857 2306 donatio
870 2247 904 2306 et
915 2241 1077 2306 muressie
1096 2246 1213 2305 retest
1228 2239 1351 2307 stebilis
1370 2247 1554 2323 permenset

185 2366 245 2432 hoe
257 2385 392 2448 presens
403 2367 557 2450 seriptum
570 2367 774 2452 impressione
788 2369 880 2452 sigilii
893 2369 956 2435 mei
967 2370 1124 2438 roboravi.
1166 2371 1240 2437 Hiis
1252 2371 1388 2436 testibus
1401 2370 1557 2436 uosmm

183 2495 221 2560 de
236 2495 374 2562 Sumr
413 2495 499 2560 lime
518 2495 647 2562 Bessnn
685 2497 838 2563 somn
858 2497 1006 2564 Dmms
1027 2504 1105 2564 tune
1127 2499 1360 2566 eonstsbulsrio
1374 2499 1414 2564 de
1426 2499 1552 2566 Drrss·

186 2641 254 2694 ross
294 2625 650 2694 nnmooueumm
690 2627 841 2701 Desmnn
861 2626 955 2696 nmo
994 2627 1262 2697 veneruntne
1282 2629 1514 2697 Oneretelus

840 3084 905 3152 00.

338 3213 478 3282 usust
499 3212 699 3280 ΡΗΠᾸΡΡΙ
719 3213 958 3282 ΡΟΝΟΒΟΗΟ
979 3211 1142 3280 MILONI
1162 3211 1222 3277 DE
1243 3211 1393 3279 nuum.

648 3345 755 3427 [Annz
778 3347 907 3411 Onssn:
928 3345 979 3408 24.
1000 3345 1091 3425 289]

225 3475 335 3542 Sciunt
364 3483 527 3558 presentes
545 3483 579 3541 et
599 3475 698 3540 iutnri
726 3473 810 3558 qued
830 3493 889 3558 ege
908 3475 1087 3540 Pmrus
1117 3474 1294 3542 roronem
1323 3475 1396 3542 dedi
1415 3477 1556 3544 eonesssi

185 3617 219 3673 st
239 3609 299 3674 hse
329 3610 469 3693 presenti
483 3619 485 3624 ’
501 3617 590 3675 esrte
608 3629 681 3674 mes
710 3607 894 3674 eonirmsvi
921 3607 1047 3672 Murem
1067 3607 1107 3672 de
1127 3607 1244 3673 Enseu
1271 3613 1337 3673 tres
1361 3627 1452 3674 seres
1476 3615 1559 3674 terre

187 3741 313 3806 metitis
332 3759 407 3805 eum
425 3739 627 3823 pertinenciis
639 3739 673 3803 in
686 3739 780 3804 teudo
794 3736 833 3804 de
857 3737 1036 3802 neronom
1056 3756 1136 3821 quse
1155 3737 1253 3803 hebui
1273 3737 1416 3806 dedens
1437 3741 1556 3816 'ison

187 3869 291 3936 nonu
310 3870 351 3934 de
371 3871 550 3937 hermonim
570 3876 603 3935 et
623 3869 787 3934 dimidium
817 3886 924 3934 eurem
954 3886 1027 3933 eum
1054 3867 1256 3949 pertinenciis
1283 3866 1443 3950 ieeentem
1469 3869 1557 3953 spnd

186 4000 386 4066 heremum
416 4001 450 4066 in
479 3985 573 4066 teudo
602 4000 643 4065 de
671 3999 852 4066 Lsrrnouns
879 4017 976 4081 qusm
1004 3996 1102 4062 hebui
1122 3997 1162 4062 de
1182 3998 1266 4062 dono
1295 3997 1486 4062 Ammrnm
1515 3997 1556 4062 de

188 4129 365 4198 nmmum
385 4149 442 4215 pro
462 4131 563 4196 tribus
582 4130 697 4196 mersis
730 4130 853 4213 urgenti
879 4128 958 4193 mihi
985 4127 1188 4212 prsmsnibus
1214 4127 1350 4210 psgstis.
1390 4125 1558 4194 uouendas

189 4267 221 4326 et
240 4259 403 4326 hsbendss
421 4259 579 4344 predictas
598 4267 664 4326 tres
683 4265 820 4324 serenet
839 4257 1003 4323 dimidium
1022 4275 1096 4324 eum
1114 4256 1317 4342 pertinensiis
1337 4255 1396 4324 siri
1415 4264 1449 4325 et
1468 4257 1556 4325 here·

115 4431 122 4446 ·
191 4389 280 4455 dibus
300 4389 367 4456 suis
386 4391 437 4455 vet
457 4390 627 4472 resignetis
640 4389 680 4455 de
698 4396 796 4455 meet
814 4387 982 4455 heredites
1001 4387 1082 4454 meis
1101 4387 1153 4454 vel
1173 4386 1343 4470 essignefis
1362 4387 1442 4454 meis
1461 4387 1557 4456 liuere

188 4521 292 4603 quiete
320 4521 455 4604 pseifise.
479 4521 599 4604 integre
623 4521 693 4604 jum
722 4519 912 4586 hereditere
942 4519 1011 4587 sine
1041 4519 1147 4604 slique
1176 4517 1385 4586 retinemento
1414 4518 1478 4585 mei
1506 4519 1557 4587 vel

191 4667 337 4718 mserum.
379 4649 551 4720 Reddendo
579 4649 652 4719 inde
682 4650 849 4720 susustirn
868 4651 935 4733 ipss
954 4656 988 4718 et
1008 4650 1139 4719 heredes
1169 4649 1298 4718 suiset
1327 4650 1478 4736 essignsti
1508 4651 1557 4722 sui
