3956 5488
417 748 485 814 m

340 1085 345 1094 ·
375 1057 606 1134 attemptarent
624 1049 905 1135 quicquid'o'ontrs
922 1053 1077 1135 premissa
1097 1055 1152 1119 sut
1172 1057 1282 1118 eorum
1302 1050 1408 1135 ntique
1421 1067 1455 1116 se
1468 1056 1502 1116 et
1521 1049 1655 1117 heredes
1674 1067 1749 1116 snos

375 1189 485 1247 tenore
513 1183 656 1267 ejusdem
683 1189 771 1248 carta
799 1183 901 1247 teucri
929 1191 963 1248 et
993 1183 1125 1266 obligari
1145 1205 1182 1248 ao
1197 1185 1269 1267 jem
1296 1204 1336 1248 ex
1364 1181 1583 1266 beqnenubus
1611 1181 1747 1264 querelis

375 1312 569 1378 diremornm
589 1314 754 1378 homiuum
766 1320 800 1378 st
813 1313 993 1378 tenentium
1006 1321 1089 1380 terre
1100 1293 1241 1397 predicta
1260 1314 1473 1396 sooepsrimns
1486 1313 1570 1395 quod
1582 1311 1750 1376 monnone

374 1445 414 1509 de
434 1445 588 1508 Pusunuu
602 1452 636 1509 et
649 1445 754 1508 durus
772 1463 853 1508 uxor
865 1449 936 1529 ejus
955 1445 1021 1508 filiu
1034 1451 1066 1509 et
1080 1444 1172 1510 heres
1190 1442 1306 1526 prusti
1325 1442 1516 1508 wmnmm
1535 1441 1656 1506 domiui
1668 1449 1750 1506 terre

366 1575 513 1656 predicte
533 1575 573 1640 de
594 1577 718 1640 nowen
737 1577 862 1642 diverse
880 1554 1145 1658 transgressiones
1162 1574 1385 1656 oppressiones
1403 1573 1537 1656 injurias
1556 1572 1696 1655 dampna
1714 1579 1747 1636 ct

374 1707 560 1788 marentius
590 1727 686 1790 quum
706 1671 843 1790 plurime
872 1715 940 1772 tem
960 1727 1016 1788 psr
1036 1726 1070 1770 se
1090 1713 1124 1770 et
1143 1726 1201 1788 per
1219 1707 1380 1770 ministros
1412 1722 1489 1770 suos
1518 1704 1635 1769 ibidem
1655 1704 1748 1768 dictis

374 1808 556 1930 bominibus
584 1845 617 1901 et
642 1839 824 1902 tenentibus
853 1845 966 1902 eontra
995 1839 1129 1903 formam
1153 1837 1336 1904 libertstum
1361 1843 1394 1904 st
1414 1835 1651 1902 muceseiounm
1678 1853 1746 1918 pre·

374 1968 531 2032 dictorum
566 1976 598 2031 et
628 1977 740 2032 contre
773 1971 857 2051 leges
885 1976 919 2032 et
949 1968 1195 2032 consuetudines
1227 1969 1345 2034 ibidem
1377 1967 1505 2034 hebitss
1534 1973 1568 2032 et
1593 1966 1748 2031 hactenus

263 2083 265 2090 ⁵
374 2101 511 2164 usitatas
530 2099 746 2180 multipliciter
757 2099 934 2161 intulerunt
946 2105 980 2162 et
994 2097 1097 2161 adhuc
1111 2097 1213 2162 indies
1225 2097 1340 2162 inierre
1353 2117 1418 2162 non
1431 2097 1589 2163 desistunt
1610 2097 1646 2161 iu
1666 2097 1748 2180 ipso·

373 2251 445 2294 rum
465 2230 630 2294 homiuum
650 2237 682 2293 et
703 2231 884 2294 teuenoium
903 2230 1102 2311 dispendium
1123 2250 1187 2292 uon
1206 2229 1365 2294 modicum
1393 2236 1426 2294 et
1449 2229 1749 2311 depauperecionem

375 2361 578 2426 manifestum
591 2360 758 2443 dequibus
772 2361 898 2443 quidam
912 2360 1213 2442 transgressionibus
1226 2359 1480 2443 oppressionibus
1499 2359 1626 2442 injuriis
1639 2358 1747 2442 dnmp

373 2490 425 2556 nis
445 2497 477 2554 et
498 2490 731 2572 gravaminibus
751 2490 829 2553 dicti
849 2490 993 2554 homines
1013 2499 1046 2554 et
1067 2498 1213 2555 tenentes
1232 2493 1266 2554 in
1287 2493 1375 2555 euna
1394 2491 1534 2573 ipsorum
1554 2492 1694 2556 B10euu1
1707 2499 1747 2556 st

375 2623 481 2686 Mnus
500 2641 558 2704 pro
578 2641 616 2684 eo
637 2621 720 2704 quod
739 2622 893 2703 promises
911 2621 997 2702 ipsos
1017 2627 1153 2704 tsngunt
1173 2622 1333 2702 justiniam
1361 2624 1510 2705 consequi
1529 2643 1595 2686 non
1615 2631 1750 2705 possunt

374 2772 470 2835 super
497 2771 561 2835 quo
588 2753 684 2815 iidem
703 2751 848 2814 homines
869 2757 901 2814 et
922 2758 1068 2815 tenentes
1097 2771 1154 2834 per
1180 2753 1371 2834 peticionem
1399 2773 1490 2818 suam
1523 2773 1631 2818 coram
1657 2755 1750 2818 nobis

374 2883 593 2968 supplicarunt
621 2889 658 2946 ut
688 2883 734 2946 eis
763 2881 804 2944 de
832 2881 969 2944 remedio
999 2882 1034 2944 in
1062 2881 1123 2944 hno
1152 2889 1243 2963 parts
1276 2882 1440 2964 providere
1472 2902 1653 2948 curaremus
1687 2903 1748 2947 uos

374 3015 470 3098 igitur
483 3015 525 3078 ad
538 3013 758 3078 concessiones
770 3018 804 3075 et
816 3031 916 3092 penas
928 3011 1087 3092 predictas
1100 3011 1388 3076 consideracionem
1407 3012 1563 3079 habentes
1575 3034 1614 3078 ac
1626 3015 1749 3078 ratione

375 3145 544 3228 superioris
576 3143 708 3208 dominii
741 3161 803 3226 quo
833 3161 943 3206 sumus
968 3142 1115 3206 omnibus
1143 3149 1176 3206 et
1197 3143 1329 3225 siugulis
1357 3143 1396 3208 de
1421 3163 1518 3226 regno
1544 3151 1578 3208 et
1603 3144 1750 3208 dominiis

374 3276 494 3341 uostris
513 3275 547 3339 in
567 3275 763 3338 exhibicione
782 3273 910 3358 justicie
930 3272 1089 3336 debitores
1117 3273 1260 3337 volentes
1279 3281 1347 3338 tant
1367 3292 1424 3355 pro
1444 3273 1536 3336 uobis
1565 3291 1661 3355 quam
1691 3291 1748 3355 pro

375 3405 524 3490 predictis
543 3403 724 3467 hominibus
744 3409 777 3466 at
797 3401 979 3466 tenentibus
998 3402 1033 3464 in
1053 3401 1114 3465 hac
1133 3408 1224 3482 parte
1243 3401 1404 3483 J'ustioism
1418 3479 1420 3482 Ι
1432 3401 1579 3466 exhibere
1607 3401 1747 3482 asdgna·

375 3535 480 3600 vimus
499 3553 556 3598 ros
575 3539 642 3596 tres
662 3539 695 3596 ct
725 3533 805 3596 duos
835 3539 975 3609 vostrum
1004 3533 1193 3613 justiciarius
1218 3539 1344 3598 nostms
1364 3532 1405 3598 ad
1424 3539 1546 3598 cartam
1573 3533 1746 3615 predictam

374 3663 605 3750 inspiciendum
638 3669 671 3726 et
699 3663 944 3730 examinandum
974 3669 1008 3726 et
1035 3664 1077 3727 ad
1107 3663 1327 3745 inquirendum
1355 3683 1413 3746 per
1440 3670 1673 3727 sacramentum
1704 3663 1742 3725 de

374 3799 461 3864 diets
480 3803 566 3860 terra
578 3794 618 3858 de
638 3794 762 3857 Gowun
781 3811 837 3874 psr
857 3811 935 3875 quos
949 3791 1035 3856 etde
1055 3793 1200 3857 omuibus
1220 3794 1520 3876 transgressionibus
1540 3794 1745 3876 oppressioni·

373 3933 434 3998 bus
454 3929 579 4012 injuriis
599 3925 745 4008 dsmpnis
774 3932 808 3988 st
838 3924 1071 4006 gravaminibus
1099 3932 1212 3989 contra
1237 3931 1379 3990 tenorem
1407 3933 1494 3992 certe
1521 3928 1660 4009 predicte
1690 3929 1746 3993 ho·

376 4060 515 4132 minibus
534 4056 684 4140 predictis
696 4055 794 4118 illotis
809 4073 933 4117 necnon
947 4054 988 4117 ad
1002 4053 1145 4135 querelsa
1165 4055 1305 4119 omnium
1319 4061 1352 4120 et
1366 4055 1560 4140 ungulorum
1579 4060 1750 4124 eorundem

373 4155 539 4256 hominum
569 4195 602 4252 et
632 4185 813 4252 tenentium
840 4183 880 4246 de
913 4183 1010 4267 hujus
1039 4183 1126 4246 modi
1159 4185 1460 4266 transgressionibus
1492 4190 1746 4270 oppressionibus

374 4320 499 4406 injuriis
518 4319 666 4401 dampnis
679 4323 712 4380 et
725 4313 958 4398 mvsmuibue
977 4314 1126 4396 conqueri
1145 4313 1321 4378 solennium
1334 4315 1396 4379 nisi
1415 4316 1510 4380 iidem
1531 4318 1699 4384 &besuus
1712 4327 1746 4384 ct

373 4445 555 4514 numeral
580 4464 689 4508 eorum
715 4443 852 4508 ministri
880 4448 955 4508 sute
985 4442 1157 4506 adventum
1186 4450 1328 4508 vestrum
1354 4443 1395 4508 sd
1422 4451 1540 4510 terram
1567 4448 1744 4530 predictam

373 4577 494 4644 eisdem
513 4574 693 4640 homiuibus
713 4579 746 4638 et
766 4573 949 4638 tenentibus
979 4571 1053 4636 inde
1073 4571 1192 4637 isciant
1220 4573 1345 4654 justicie
1373 4576 1639 4657 complementum
1659 4579 1747 4644 sudi·

374 4705 449 4774 endi
467 4712 501 4769 et
520 4701 712 4768 terminandi
741 4701 914 4766 secuudum
933 4701 1019 4782 leges
1038 4709 1072 4766 et
1091 4701 1336 4768 consuetudines
1354 4705 1497 4788 parcium
1524 4707 1660 4774 illarum.
1701 4711 1747 4776 Et

373 4839 445 4908 ideo
463 4835 553 4908 robis
571 4833 761 4903 mandamns
779 4851 860 4919 quos
878 4853 936 4901 ros
955 4839 1022 4902 tres
1041 4835 1091 4903 vel
1110 4834 1175 4902 dno
1202 4841 1343 4906 rasum
1361 4836 1404 4906 ad
1423 4843 1541 4907 mnam
1570 4839 1746 4924 mediotau
