3986 5502
1051 753 1130 849 Ι1
1530 785 1587 848 143

264 1085 407 1149 concessi
427 1091 459 1147 st
479 1085 539 1148 hac
571 1085 712 1166 presenti
741 1091 829 1148 curta
858 1105 930 1148 mea
958 1085 1140 1149 confirmavi
1166 1087 1332 1150 Wsnrssu
1351 1087 1390 1150 de
1416 1089 1533 1150 Rasna
1563 1088 1625 1151 duc

263 1215 414 1296 burgagia
434 1235 506 1277 cum
525 1215 726 1295 pertinenciis
752 1215 786 1276 iu
813 1214 941 1276 Kanum
968 1235 1099 1296 quorum
1119 1237 1218 1278 uuum
1250 1216 1434 1302 burgagium
1459 1217 1556 1280 situm
1576 1227 1625 1282 est

263 1345 347 1407 inter
389 1345 573 1427 burgagium
617 1346 749 1425 alicujus
788 1347 950 1407 chnasnr
991 1345 1071 1408 fabri
1104 1353 1137 1408 et
1169 1345 1353 1428 burgsgium
1388 1348 1556 1411 Mrcnnrr
1587 1351 1626 1414 de

263 1477 421 1538 Pnnusna
454 1477 588 1538 alterum
621 1495 695 1539 vero
732 1475 917 1556 burgagium
949 1474 1046 1538 situm
1080 1481 1129 1539 est
1163 1482 1253 1539 extra
1285 1483 1409 1558 portem
1442 1479 1627 1544 meridions·

262 1607 327 1670 lem
345 1627 454 1668 versus
482 1626 569 1669 mare
603 1607 694 1687 juxte
722 1607 906 1687 burgagium
940 1606 1097 1687 quondam
1128 1607 1319 1669 Wmuucnm
1349 1607 1497 1671 Snwssm
1560 1610 1626 1674 Ha·

264 1736 368 1801 benda
381 1744 414 1799 et
427 1737 565 1798 tenende
576 1756 634 1817 pro
648 1756 698 1798 me
712 1743 745 1798 et
758 1735 924 1798 heredibus
933 1735 1011 1798 meis
1026 1735 1129 1798 sibiet
1143 1736 1308 1798 heredibus
1322 1738 1387 1800 suis
1400 1740 1449 1802 vel
1459 1739 1628 1820 assignatis

263 1867 329 1930 suis
349 1867 447 1930 libere
467 1868 570 1948 quiete
590 1866 718 1947 pacifice
739 1865 859 1945 integre
880 1873 913 1928 et
932 1865 1128 1928 hereditarie.
1170 1867 1342 1930 Reddeudc
1362 1867 1435 1930 inde
1462 1872 1627 1934 annuatim

264 1997 392 2078 cupitali
416 1997 543 2059 domino
564 1996 603 2058 de
624 1996 752 2058 Kmnn
780 1996 833 2076 qui
852 2014 908 2074 pro
929 2000 1068 2074 tempore
1097 1995 1191 2058 fuerit
1211 1996 1290 2058 duos
1320 1997 1435 2060 solidos
1462 2017 1520 2078 pro
1540 2000 1627 2062 omni

264 2129 395 2191 servicio
406 2135 438 2190 et
459 2127 592 2190 seculari
612 2127 777 2189 demenda.
820 2126 881 2187 Pro
895 2126 955 2188 hac
969 2133 1077 2188 autem
1090 2126 1260 2190 donatione
1280 2129 1481 2191 concessione
1495 2136 1528 2192 et
1541 2137 1628 2194 certe

261 2280 330 2322 mee
351 2258 592 2320 confirmacione
611 2255 769 2337 predictus
790 2256 975 2318 Wannnsus
990 2253 1029 2316 de
1043 2255 1158 2317 henr
1172 2255 1350 2319 etheredus
1369 2257 1417 2320 sui
1436 2259 1486 2320 vel
1507 2260 1625 2340 assign·

262 2389 308 2452 sti
328 2389 377 2450 sui
398 2387 518 2448 debunt
532 2385 609 2446 mihi
630 2383 794 2446 annuatim
814 2383 917 2464 quosd
942 2383 1047 2446 vixero
1066 2384 1202 2466 quinque
1224 2405 1396 2448 crsnnccos
1416 2388 1565 2452 frumenti
1586 2392 1626 2454 ad

263 2521 494 2616 susteucionem
514 2538 627 2580 meam.
670 2520 712 2579 ut
732 2536 789 2597 ego
809 2517 912 2578 dictus
932 2515 952 2578 J
953 2533 1101 2580 omanus
1122 2518 1151 2580 le
1163 2517 1260 2580 Pom·
1280 2525 1312 2579 et
1325 2518 1456 2582 heredes
1475 2520 1538 2582 mei
1558 2540 1625 2601 pre-

262 2651 347 2712 dicta
359 2649 510 2728 burgagia
529 2667 602 2707 cum
621 2645 822 2726 pertinenciis
836 2651 868 2706 et
889 2645 1141 2707 libertacionibus
1161 2645 1227 2708 suis
1246 2646 1386 2726 predicto
1407 2648 1573 2711 Wanunso
1593 2659 1626 2714 et

261 2779 428 2842 heredibus
459 2778 524 2838 suis
543 2778 593 2839 vei
612 2775 782 2860 'assignatis
803 2775 868 2836 suis
888 2775 922 2835 in
942 2781 1127 2856 perpetuum
1152 2782 1263 2838 contra
1292 2795 1402 2839 omnes
1426 2777 1571 2841 homines
1592 2787 1624 2842 et

261 2911 394 2972 feminus
427 2906 702 2971 warantizabimus
728 2913 761 2968 et
781 2905 993 2967 defendemus.
1048 2905 1089 2965 In
1122 2904 1217 2983 hujus
1250 2905 1295 2966 rei
1315 2905 1531 2968 testimonium
1552 2908 1625 2971 huic

261 3041 400 3122 presenti
414 3047 500 3103 certe
521 3039 657 3119 sigillum
677 3036 817 3117 apposui.
859 3035 933 3096 Hiia
946 3033 1080 3098 testibus
1093 3033 1220 3096 domiuo
1241 3035 1495 3097 It1can1>oLnnn
1523 3037 1623 3100 Nreu·

261 3191 342 3236 omo
369 3172 409 3234 ds
435 3173 589 3233 hunam
648 3169 814 3232 wicram
848 3167 1078 3232 Coaucsrnnen
1132 3166 1276 3229 chmuo
1311 3165 1427 3230 Carere
1481 3167 1626 3232 chsauo

264 3303 403 3366 Kuamm
423 3308 455 3364 et
475 3300 584 3362 multis
605 3299 683 3362 aliis.

865 3691 1013 3755 CLXIII.

601 3823 737 3888 GARTA
759 3822 1004 3885 WILLIELMI
1024 3821 1282 3888 BALDWYNE.

728 3953 831 4033 [Aunz
854 3951 979 4014 omar:
1000 3949 1051 4014 24.
1074 3953 1161 4031 stu]

305 4087 414 4151 Sciant
428 4092 495 4150 tam
515 4090 677 4165 presentes
697 4103 791 4164 quam
811 4081 908 4144 futuri
922 4081 1005 4162 quod
1019 4101 1075 4161 ego
1097 4083 1315 4144 Wmmnnuus
1334 4081 1520 4142 smnwran
1541 4079 1624 4142 iilius

259 4217 405 4280 etheree
435 4215 595 4277 Jomrus
624 4213 832 4275 Bsncnwmrn
861 4211 1024 4292 burgensis
1043 4211 1084 4272 de
1105 4211 1235 4272 Kanum
1259 4209 1331 4272 dedi
1351 4209 1491 4272 concessi
1511 4216 1544 4272 et
1564 4209 1625 4272 hac

261 4344 402 4426 presenti
421 4351 509 4407 carte
528 4363 599 4406 mea
619 4341 801 4405 confirmavi
830 4341 850 4403 J
852 4357 973 4404 cusum
994 4340 1033 4402 de
1053 4341 1241 4402 Laumuwrn
1267 4339 1360 4401 militi
1379 4338 1443 4400 filio
1463 4339 1624 4402 denarrare

257 4473 316 4536 filii
336 4475 526 4536 Wmmunrn
535 4471 575 4534 de
589 4471 775 4532 mmmm
794 4489 893 4532 unum
906 4470 1088 4551 burgagium
1102 4469 1184 4551 quod
1198 4469 1294 4533 habui
1306 4469 1340 4530 iu
1352 4468 1427 4532 villa
1440 4468 1479 4532 de
1494 4468 1624 4542 ΚΒΜ

260 4605 344 4685 quod
381 4604 465 4683 jacet
498 4601 581 4664 inter
616 4599 799 4681 burgagium
832 4599 943 4680 prioris
979 4599 1019 4660 de
1048 4599 1178 4661 Knnnrr
1215 4599 1377 4679 pertinens
1403 4601 1442 4661 ed
1463 4599 1623 4662 abbatiam

258 4733 409 4798 Tame·
439 4753 477 4796 ex
497 4737 587 4813 parte
606 4728 725 4794 boreali
745 4735 777 4791 et
802 4728 984 4810 burgagium
1004 4727 1087 4809 quod
1108 4727 1167 4790 fuit
1188 4727 1345 4811 quondam
1374 4729 1564 4792 Wmumnm
1584 4728 1623 4789 de
