3986 5502
877 1051 1029 1120 oxum.

757 1185 815 1248 Du
856 1183 1127 1250 LANGABVAN.

643 1317 761 1397 [nnn
778 1313 833 1378 sn
867 1279 970 1376 reni
997 1329 1113 1377 emus:
1142 1329 1178 1376 n.
1207 1313 1274 1394 st]
1376 1315 1467 1378 sem
1495 1316 1583 1383 nes.

308 1448 463 1515 Ommhus
490 1449 625 1514 Omsrr
651 1445 794 1508 fideh‘bus
820 1461 959 1525 presens
984 1443 1135 1524 scriptum
1169 1442 1280 1507 visuris
1313 1443 1364 1508 rel
1390 1444 1543 1510 audituris
1575 1446 1628 1514 Jo-

266 1596 395 1642 umurs
423 1576 483 1640 Dei
509 1574 610 1656 gretie
636 1573 734 1637 ebbee
760 1579 793 1636 et
819 1578 993 1634 conventus
1020 1571 1069 1634 sti
1094 1572 1198 1634 Purus
1224 1572 1462 1638 Gnoseusunrn
1489 1575 1625 1642 sulutem

267 1709 301 1773 in
328 1707 474 1771 Domine.
515 1703 645 1769 Noverit
671 1701 859 1766 universitas
884 1707 990 1765 vestre
1025 1701 1110 1782 quod
1147 1721 1206 1766 nos
1239 1702 1300 1766 hoe
1335 1705 1483 1786 praesenti
1510 1705 1626 1788 seripte

267 1838 480 1904 concessimus
506 1841 538 1898 et
564 1832 817 1897 oenmmevimus
853 1829 1067 1893 Hrnrwmno
1103 1829 1168 1893 sto
1195 1830 1366 1894 Euersam
1393 1841 1426 1896 et
1452 1833 1628 1900 haeredrhus

269 1970 334 2033 enie
360 1975 478 2031 terrum
514 1965 601 2027 illem
631 1981 726 2044 quem
752 1961 848 2024 hebet
874 1960 915 2023 de
938 1959 1022 2022 douo
1049 1962 1158 2022 Em
1187 1959 1227 2023 ds
1255 1963 1366 2025 Consu
1392 1961 1536 2026 videlieet
1563 1968 1629 2028 tres

266 2116 358 2162 seres
383 2103 416 2159 et
443 2093 604 2158 dimidium
630 2099 721 2156 terre
748 2090 875 2154 erabilis
901 2095 933 2152 et
955 2089 1117 2153 dimidium
1140 2109 1246 2153 serem
1266 2091 1349 2172 preti
1375 2098 1408 2156 et
1431 2111 1530 2156 unum
1556 2092 1626 2156 hor·

265 2233 335 2290 tum
359 2224 394 2288 iu
421 2223 512 2288 ieode
537 2229 646 2285 nostro
672 2221 713 2283 de
742 2221 902 2282 Purrnrm
923 2219 1079 2282 tenendus
1104 2225 1138 2283 et
1161 2218 1325 2283 habendus
1346 2221 1514 2303 predictus
1535 2242 1627 2290 sures

264 2374 339 2418 eum
364 2353 457 2415 horto
483 2350 543 2415 sthi
567 2357 601 2413 et
627 2347 803 2413 heredibus
829 2348 894 2412 suis
920 2347 1016 2411 linere
1043 2355 1076 2410 et
1102 2349 1207 2430 quiete
1242 2350 1359 2432 ubsque
1395 2351 1528 2433 nheujns
1554 2373 1628 2418 eon·

266 2482 454 2546 medictioue
478 2480 529 2545 vei
555 2478 714 2545 enumnis
738 2482 832 2558 prout
858 2477 892 2540 in
918 2483 1007 2540 uerte
1032 2497 1128 2558 quem
1153 2477 1250 2542 hebet
1271 2479 1311 2544 de
1334 2479 1420 2544 diets
1438 2484 1538 2544 Em
1563 2483 1628 2564 ple·

267 2611 340 2675 nius
365 2608 554 2674 sentinetur.
595 2605 637 2670 Iu
663 2605 754 2687 eujus
780 2603 825 2668 rei
851 2603 1068 2668 testimoninm
1092 2611 1144 2670 ete
1170 2612 1231 2671 ste.

877 2861 1020 2928 OXLW.

395 2997 533 3063 OARTA
552 2999 599 3064 N:
621 2995 680 3058 Dtt
702 2992 930 3058 SANDFORD
951 2993 1203 3060 LAURENOIO
1223 2993 1380 3060 FRATRI
1401 2995 1494 3063 SUO.

498 3127 688 3208 [Tnmsunr
707 3141 748 3188 or
767 3141 833 3184 rnre
853 3125 1066 3194 Exeundum.
1088 3122 1234 3188 winus.
1256 3124 1329 3189 Bne
1348 3126 1397 3206 2.]

307 3259 418 3324 Sciunt
437 3262 601 3338 presentes
620 3261 653 3318 et
673 3252 770 3316 futuri
789 3252 873 3334 quod
893 3271 950 3333 ego
978 3252 1171 3317 Nrenonrns
1198 3253 1239 3318 de
1269 3255 1439 3320 emtore
1458 3253 1532 3320 dedi
1551 3273 1626 3322 nou·

263 3389 346 3454 eeeei
366 3395 399 3452 et
418 3389 480 3450 hee
499 3385 638 3468 presenti
657 3391 747 3448 terte
759 3402 830 3446 mee
843 3381 1025 3444 confir-mevi
1044 3381 1171 3446 domino
1184 3381 1374 3450 Lennrrmo
1394 3385 1433 3449 de
1455 3384 1627 3452 stentem

263 3519 355 3582 irstri
374 3537 446 3580 meo
464 3536 521 3598 pro
541 3513 687 3595 homagio
707 3517 739 3576 et
760 3511 889 3575 servicio
910 3530 966 3574 suo
987 3516 1091 3574 totum
1109 3513 1285 3576 manerium
1298 3533 1404 3578 meum
1417 3515 1457 3578 de
1476 3514 1627 3590 hrenum

264 3649 299 3711 in
319 3663 572 3712 amoremne
591 3663 664 3706 eum
683 3643 827 3706 omnihus
847 3641 1048 3723 pertinenciis
1068 3640 1110 3704 ed
1129 3642 1250 3706 dietum
1269 3643 1444 3707 manerium
1471 3643 1629 3726 pertinen·

265 3779 350 3844 tibus
370 3777 438 3840 sins
458 3775 562 3856 utiquo
581 3773 790 3837 retinemento
810 3769 894 3852 quod
913 3769 1039 3850 quidem
1058 3771 1234 3834 manerium
1253 3770 1351 3834 hebui
1363 3773 1402 3836 de
1416 3773 1499 3836 douo
1512 3775 1629 3840 mem

270 3928 305 3972 nr
325 3909 365 3971 de
388 3909 498 3972 (tuens
519 3901 643 3968 semitis
674 3917 896 3964 nmueusunnr
927 3904 959 3961 et
990 3897 1218 3962 Hnnuronnm.
1244 3899 1453 3992 'Hebendum
1472 3910 1506 3967 et
1525 3910 1635 3972 tenen·

266 4037 343 4100 dum
363 4033 466 4098 eidem
495 4031 685 4094 Inunurmo
705 4034 737 4092 et
757 4026 924 4090 heredibus
944 4027 1009 4090 suis
1028 4027 1079 4091 vel
1099 4027 1267 4108 assignetis
1286 4028 1325 4092 de
1344 4029 1485 4111 predicto
1505 4031 1633 4101 domiuo

267 4165 415 4228 Brenno
435 4162 474 4224 de
496 4163 606 4226 cursu
627 4158 741 4222 eomite
762 4157 991 4221 Gnoueusrnm
1022 4162 1055 4220 et
1085 4156 1302 4220 Hunnrennnr
1323 4164 1355 4221 et
1375 4157 1541 4226 heredibus
1561 4163 1629 4230 suis

268 4293 364 4357 hhere
384 4290 489 4372 quiete
508 4289 589 4354 bene
608 4295 641 4352 et
671 4289 704 4350 in
733 4307 811 4368 pene
838 4287 959 4369 integre
987 4293 1019 4351 et
1046 4286 1234 4351 hereditarie
1262 4285 1343 4350 deut
1373 4305 1430 4370 ego
1457 4291 1633 4372 predietum

271 4423 447 4488 menesium
467 4439 540 4483 eum
560 4417 704 4481 omuibus
723 4415 924 4498 pertinenciis
945 4415 1010 4480 suis
1029 4415 1141 4480 meiius
1161 4422 1193 4479 et
1213 4415 1340 4480 liberius
1369 4418 1473 4501 utiquo
1494 4427 1634 4504 tempore

272 4557 360 4619 tenui
379 4558 412 4616 st
432 4550 513 4614 sieut
543 4547 723 4612 continetur
750 4546 785 4608 iu
813 4552 902 4610 oute
930 4565 1026 4627 quem
1054 4545 1213 4626 predictus
1232 4545 1378 4610 dominus
1408 4548 1574 4616 Brennus
1594 4553 1634 4617 de
1695 4539 1702 4550 ⁴

272 4688 384 4752 cneus
404 4697 509 4744 eomes
529 4675 652 4742 stoue·
674 4679 707 4740 st
727 4673 854 4736 Hnnur'
869 4671 909 4736 ds
932 4671 1017 4736 dieto
1037 4673 1178 4738 munnio
1197 4673 1293 4740 miehi
1313 4675 1388 4744 ierit
1406 4676 1549 4743 ieeieudo
1569 4699 1632 4746 ser·
