<?xml version="1.0" encoding="UTF-8"?>
<!DOCTYPE html PUBLIC "-//W3C//DTD XHTML 1.0 Transitional//EN"
    "http://www.w3.org/TR/xhtml1/DTD/xhtml1-transitional.dtd">
<html xmlns="http://www.w3.org/1999/xhtml" xml:lang="en" lang="en">
 <head>
  <title>
</title>
<meta http-equiv="Content-Type" content="text/html;charset=utf-8" />
  <meta name='ocr-system' content='tesseract 3.04.00' />
  <meta name='ocr-capabilities' content='ocr_page ocr_carea ocr_par ocr_line ocrx_word'/>
</head>
<body>
  <div class='ocr_page' id='page_1' title='image "./cartetaliamunim00abbegoog_0202.png"; bbox 0 0 3932 5498; ppageno 0'>
   <div class='ocr_carea' id='block_1_1' title="bbox 1460 785 1518 850">
    <p class='ocr_par' dir='ltr' id='par_1_1' title="bbox 1460 785 1518 850">
     <span class='ocr_line' id='line_1_1' title="bbox 1460 785 1518 850; baseline 0.034 -3"><span class='ocrx_word' id='word_1_1' title='bbox 1460 785 1518 850; x_wconf 77' lang='lat' dir='ltr'><strong>iti</strong></span> 
     </span>
    </p>
   </div>
   <div class='ocr_carea' id='block_1_2' title="bbox 180 1087 1556 2588">
    <p class='ocr_par' dir='ltr' id='par_1_2' title="bbox 180 1087 1556 2588">
     <span class='ocr_line' id='line_1_2' title="bbox 186 1087 1554 1172; baseline 0.002 -19"><span class='ocrx_word' id='word_1_2' title='bbox 186 1107 241 1172; x_wconf 85' lang='lat' dir='ltr'><strong>pre</strong></span> <span class='ocrx_word' id='word_1_3' title='bbox 254 1088 342 1153; x_wconf 88' lang='lat' dir='ltr'><strong>omni</strong></span> <span class='ocrx_word' id='word_1_4' title='bbox 356 1089 487 1155; x_wconf 74' lang='lat' dir='ltr'><strong>servitio</strong></span> <span class='ocrx_word' id='word_1_5' title='bbox 500 1087 635 1156; x_wconf 83' lang='lat' dir='ltr'><strong>eeeniuri</strong></span> <span class='ocrx_word' id='word_1_6' title='bbox 647 1089 812 1156; x_wconf 73' lang='lat' dir='ltr'><strong>exactione</strong></span> <span class='ocrx_word' id='word_1_7' title='bbox 831 1089 1112 1156; x_wconf 76' lang='lat' dir='ltr'><strong>eonsuetudinsseue</strong></span> <span class='ocrx_word' id='word_1_8' title='bbox 1126 1093 1158 1155; x_wconf 91' lang='lat' dir='ltr'><strong>et</strong></span> <span class='ocrx_word' id='word_1_9' title='bbox 1177 1089 1366 1155; x_wconf 79' lang='lat' dir='ltr'><strong>omnimodis</strong></span> <span class='ocrx_word' id='word_1_10' title='bbox 1387 1088 1554 1156; x_wconf 79' lang='lat' dir='ltr'><strong>demendis</strong></span> 
     </span>
     <span class='ocr_line' id='line_1_3' title="bbox 186 1218 1549 1306; baseline 0.002 -23"><span class='ocrx_word' id='word_1_11' title='bbox 186 1237 245 1302; x_wconf 83' lang='lat' dir='ltr'><strong>que</strong></span> <span class='ocrx_word' id='word_1_12' title='bbox 264 1219 306 1284; x_wconf 92' lang='lat' dir='ltr'><strong>de</strong></span> <span class='ocrx_word' id='word_1_13' title='bbox 325 1227 412 1286; x_wconf 83' lang='lat' dir='ltr'><strong>terre</strong></span> <span class='ocrx_word' id='word_1_14' title='bbox 430 1218 599 1302; x_wconf 78' lang='lat' dir='ltr'><strong>exiguntur</strong></span> <span class='ocrx_word' id='word_1_15' title='bbox 617 1221 668 1286; x_wconf 85' lang='lat' dir='ltr'><strong>vel</strong></span> <span class='ocrx_word' id='word_1_16' title='bbox 688 1221 769 1304; x_wconf 79' lang='lat' dir='ltr'><strong>exigi</strong></span> <span class='ocrx_word' id='word_1_17' title='bbox 788 1226 949 1304; x_wconf 86' lang='lat' dir='ltr'><strong>poterunt.</strong></span> <span class='ocrx_word' id='word_1_18' title='bbox 996 1221 1065 1306; x_wconf 79' lang='lat' dir='ltr'><strong>Ege</strong></span> <span class='ocrx_word' id='word_1_19' title='bbox 1084 1240 1159 1288; x_wconf 80' lang='lat' dir='ltr'><strong>vero</strong></span> <span class='ocrx_word' id='word_1_20' title='bbox 1183 1221 1327 1305; x_wconf 77' lang='lat' dir='ltr'><strong>predicte</strong></span> <span class='ocrx_word' id='word_1_21' title='bbox 1353 1223 1491 1290; x_wconf 79' lang='lat' dir='ltr'><strong>Onerum</strong></span> <span class='ocrx_word' id='word_1_22' title='bbox 1516 1230 1549 1288; x_wconf 89' lang='lat' dir='ltr'><strong>et</strong></span> 
     </span>
     <span class='ocr_line' id='line_1_4' title="bbox 186 1347 1554 1440; baseline 0.004 -27"><span class='ocrx_word' id='word_1_23' title='bbox 186 1347 316 1414; x_wconf 87' lang='lat' dir='ltr'><strong>heredes</strong></span> <span class='ocrx_word' id='word_1_24' title='bbox 335 1349 398 1414; x_wconf 87' lang='lat' dir='ltr'><strong>mei</strong></span> <span class='ocrx_word' id='word_1_25' title='bbox 427 1350 478 1414; x_wconf 81' lang='lat' dir='ltr'><strong>rel</strong></span> <span class='ocrx_word' id='word_1_26' title='bbox 509 1351 662 1434; x_wconf 57' lang='lat' dir='ltr'><strong>“signati</strong></span> <span class='ocrx_word' id='word_1_27' title='bbox 682 1352 745 1416; x_wconf 90' lang='lat' dir='ltr'><strong>mei</strong></span> <span class='ocrx_word' id='word_1_28' title='bbox 774 1351 948 1433; x_wconf 84' lang='lat' dir='ltr'><strong>predietem</strong></span> <span class='ocrx_word' id='word_1_29' title='bbox 978 1352 1107 1417; x_wconf 86' lang='lat' dir='ltr'><strong>tertiam</strong></span> <span class='ocrx_word' id='word_1_30' title='bbox 1136 1359 1260 1436; x_wconf 86' lang='lat' dir='ltr'><strong>partem</strong></span> <span class='ocrx_word' id='word_1_31' title='bbox 1290 1354 1367 1418; x_wconf 85' lang='lat' dir='ltr'><strong>dieti</strong></span> <span class='ocrx_word' id='word_1_32' title='bbox 1397 1357 1554 1440; x_wconf 74' lang='lat' dir='ltr'><strong>curtilagii</strong></span> 
     </span>
     <span class='ocr_line' id='line_1_5' title="bbox 184 1479 1553 1566; baseline 0.007 -23"><span class='ocrx_word' id='word_1_33' title='bbox 184 1479 285 1544; x_wconf 78' lang='lat' dir='ltr'><strong>dietas</strong></span> <span class='ocrx_word' id='word_1_34' title='bbox 313 1486 449 1562; x_wconf 83' lang='lat' dir='ltr'><strong>quatuor</strong></span> <span class='ocrx_word' id='word_1_35' title='bbox 478 1498 569 1545; x_wconf 86' lang='lat' dir='ltr'><strong>aeras</strong></span> <span class='ocrx_word' id='word_1_36' title='bbox 594 1487 677 1544; x_wconf 85' lang='lat' dir='ltr'><strong>terre</strong></span> <span class='ocrx_word' id='word_1_37' title='bbox 707 1479 871 1546; x_wconf 87' lang='lat' dir='ltr'><strong>dimidiam</strong></span> <span class='ocrx_word' id='word_1_38' title='bbox 895 1501 1003 1547; x_wconf 84' lang='lat' dir='ltr'><strong>aeram</strong></span> <span class='ocrx_word' id='word_1_39' title='bbox 1032 1481 1207 1565; x_wconf 76' lang='lat' dir='ltr'><strong>predictam</strong></span> <span class='ocrx_word' id='word_1_40' title='bbox 1237 1485 1430 1566; x_wconf 72' lang='lat' dir='ltr'><strong>quarterium</strong></span> <span class='ocrx_word' id='word_1_41' title='bbox 1458 1489 1553 1554; x_wconf 87' lang='lat' dir='ltr'><strong>unius</strong></span> 
     </span>
     <span class='ocr_line' id='line_1_6' title="bbox 184 1609 1553 1700; baseline 0.008 -26"><span class='ocrx_word' id='word_1_42' title='bbox 184 1617 300 1674; x_wconf 78' lang='lat' dir='ltr'><strong>aerest</strong></span> <span class='ocrx_word' id='word_1_43' title='bbox 314 1609 434 1673; x_wconf 87' lang='lat' dir='ltr'><strong>dietam</strong></span> <span class='ocrx_word' id='word_1_44' title='bbox 454 1609 583 1672; x_wconf 84' lang='lat' dir='ltr'><strong>tertiam</strong></span> <span class='ocrx_word' id='word_1_45' title='bbox 601 1615 725 1692; x_wconf 85' lang='lat' dir='ltr'><strong>partem</strong></span> <span class='ocrx_word' id='word_1_46' title='bbox 745 1611 840 1675; x_wconf 88' lang='lat' dir='ltr'><strong>nnius</strong></span> <span class='ocrx_word' id='word_1_47' title='bbox 859 1611 1010 1695; x_wconf 82' lang='lat' dir='ltr'><strong>quarterii</strong></span> <span class='ocrx_word' id='word_1_48' title='bbox 1030 1613 1125 1678; x_wconf 82' lang='lat' dir='ltr'><strong>unius</strong></span> <span class='ocrx_word' id='word_1_49' title='bbox 1146 1633 1218 1680; x_wconf 81' lang='lat' dir='ltr'><strong>aere</strong></span> <span class='ocrx_word' id='word_1_50' title='bbox 1237 1615 1322 1697; x_wconf 85' lang='lat' dir='ltr'><strong>prati</strong></span> <span class='ocrx_word' id='word_1_51' title='bbox 1342 1635 1415 1680; x_wconf 88' lang='lat' dir='ltr'><strong>eum</strong></span> <span class='ocrx_word' id='word_1_52' title='bbox 1435 1621 1553 1700; x_wconf 88' lang='lat' dir='ltr'><strong>pertin-</strong></span> 
     </span>
     <span class='ocr_line' id='line_1_7' title="bbox 183 1737 1556 1825; baseline 0.009 -23"><span class='ocrx_word' id='word_1_53' title='bbox 183 1737 276 1803; x_wconf 78' lang='lat' dir='ltr'><strong>entiis</strong></span> <span class='ocrx_word' id='word_1_54' title='bbox 295 1737 382 1804; x_wconf 83' lang='lat' dir='ltr'><strong>dieto</strong></span> <span class='ocrx_word' id='word_1_55' title='bbox 402 1739 569 1804; x_wconf 78' lang='lat' dir='ltr'><strong>wemno</strong></span> <span class='ocrx_word' id='word_1_56' title='bbox 587 1745 621 1804; x_wconf 92' lang='lat' dir='ltr'><strong>et</strong></span> <span class='ocrx_word' id='word_1_57' title='bbox 641 1739 809 1806; x_wconf 84' lang='lat' dir='ltr'><strong>heredibus</strong></span> <span class='ocrx_word' id='word_1_58' title='bbox 838 1741 904 1806; x_wconf 89' lang='lat' dir='ltr'><strong>euis</strong></span> <span class='ocrx_word' id='word_1_59' title='bbox 932 1743 984 1807; x_wconf 81' lang='lat' dir='ltr'><strong>uel</strong></span> <span class='ocrx_word' id='word_1_60' title='bbox 1012 1743 1183 1825; x_wconf 70' lang='lat' dir='ltr'><strong>aengnetis</strong></span> <span class='ocrx_word' id='word_1_61' title='bbox 1211 1745 1261 1810; x_wconf 82' lang='lat' dir='ltr'><strong>vel</strong></span> <span class='ocrx_word' id='word_1_62' title='bbox 1281 1745 1333 1809; x_wconf 85' lang='lat' dir='ltr'><strong>eui</strong></span> <span class='ocrx_word' id='word_1_63' title='bbox 1352 1746 1386 1810; x_wconf 90' lang='lat' dir='ltr'><strong>in</strong></span> <span class='ocrx_word' id='word_1_64' title='bbox 1406 1749 1556 1814; x_wconf 75' lang='lat' dir='ltr'><strong>extremis</strong></span> 
     </span>
     <span class='ocr_line' id='line_1_8' title="bbox 182 1867 1556 1951; baseline 0.007 -19"><span class='ocrx_word' id='word_1_65' title='bbox 182 1868 332 1950; x_wconf 73' lang='lat' dir='ltr'><strong>legaverit</strong></span> <span class='ocrx_word' id='word_1_66' title='bbox 350 1887 408 1951; x_wconf 87' lang='lat' dir='ltr'><strong>per</strong></span> <span class='ocrx_word' id='word_1_67' title='bbox 426 1867 603 1950; x_wconf 78' lang='lat' dir='ltr'><strong>predictum</strong></span> <span class='ocrx_word' id='word_1_68' title='bbox 633 1889 755 1934; x_wconf 87' lang='lat' dir='ltr'><strong>annum</strong></span> <span class='ocrx_word' id='word_1_69' title='bbox 784 1877 896 1936; x_wconf 75' lang='lat' dir='ltr'><strong>eontm</strong></span> <span class='ocrx_word' id='word_1_70' title='bbox 923 1889 1034 1936; x_wconf 86' lang='lat' dir='ltr'><strong>omnes</strong></span> <span class='ocrx_word' id='word_1_71' title='bbox 1063 1871 1208 1938; x_wconf 88' lang='lat' dir='ltr'><strong>hemines</strong></span> <span class='ocrx_word' id='word_1_72' title='bbox 1227 1880 1260 1937; x_wconf 91' lang='lat' dir='ltr'><strong>et</strong></span> <span class='ocrx_word' id='word_1_73' title='bbox 1281 1893 1392 1939; x_wconf 87' lang='lat' dir='ltr'><strong>omnes</strong></span> <span class='ocrx_word' id='word_1_74' title='bbox 1421 1876 1556 1942; x_wconf 86' lang='lat' dir='ltr'><strong>ieminas</strong></span> 
     </span>
     <span class='ocr_line' id='line_1_9' title="bbox 183 1997 1551 2086; baseline 0.007 -24"><span class='ocrx_word' id='word_1_75' title='bbox 183 1997 458 2062; x_wconf 79' lang='lat' dir='ltr'><strong>warentizabimue</strong></span> <span class='ocrx_word' id='word_1_76' title='bbox 486 1999 735 2082; x_wconf 69' lang='lat' dir='ltr'><strong>acquietabimus</strong></span> <span class='ocrx_word' id='word_1_77' title='bbox 764 2006 798 2063; x_wconf 93' lang='lat' dir='ltr'><strong>et</strong></span> <span class='ocrx_word' id='word_1_78' title='bbox 829 1999 1043 2066; x_wconf 81' lang='lat' dir='ltr'><strong>defendemus.</strong></span> <span class='ocrx_word' id='word_1_79' title='bbox 1095 2002 1135 2066; x_wconf 92' lang='lat' dir='ltr'><strong>1n</strong></span> <span class='ocrx_word' id='word_1_80' title='bbox 1155 2003 1247 2086; x_wconf 82' lang='lat' dir='ltr'><strong>eujus</strong></span> <span class='ocrx_word' id='word_1_81' title='bbox 1266 2004 1312 2066; x_wconf 88' lang='lat' dir='ltr'><strong>rei</strong></span> <span class='ocrx_word' id='word_1_82' title='bbox 1333 2005 1551 2071; x_wconf 88' lang='lat' dir='ltr'><strong>testimonium</strong></span> 
     </span>
     <span class='ocr_line' id='line_1_10' title="bbox 180 2127 1554 2215; baseline 0.009 -25"><span class='ocrx_word' id='word_1_83' title='bbox 180 2129 318 2210; x_wconf 84' lang='lat' dir='ltr'><strong>presenti</strong></span> <span class='ocrx_word' id='word_1_84' title='bbox 330 2127 448 2210; x_wconf 83' lang='lat' dir='ltr'><strong>seripto</strong></span> <span class='ocrx_word' id='word_1_85' title='bbox 461 2129 554 2211; x_wconf 81' lang='lat' dir='ltr'><strong>sigilli</strong></span> <span class='ocrx_word' id='word_1_86' title='bbox 567 2129 630 2194; x_wconf 92' lang='lat' dir='ltr'><strong>mei</strong></span> <span class='ocrx_word' id='word_1_87' title='bbox 642 2130 881 2213; x_wconf 87' lang='lat' dir='ltr'><strong>impressionem</strong></span> <span class='ocrx_word' id='word_1_88' title='bbox 894 2133 1035 2215; x_wconf 82' lang='lat' dir='ltr'><strong>apposni.</strong></span> <span class='ocrx_word' id='word_1_89' title='bbox 1078 2132 1152 2199; x_wconf 87' lang='lat' dir='ltr'><strong>Hiis</strong></span> <span class='ocrx_word' id='word_1_90' title='bbox 1165 2134 1302 2199; x_wconf 89' lang='lat' dir='ltr'><strong>testibus</strong></span> <span class='ocrx_word' id='word_1_91' title='bbox 1315 2135 1444 2202; x_wconf 89' lang='lat' dir='ltr'><strong>demine</strong></span> <span class='ocrx_word' id='word_1_92' title='bbox 1459 2139 1554 2202; x_wconf 78' lang='lat' dir='ltr'><strong>Win-</strong></span> 
     </span>
     <span class='ocr_line' id='line_1_11' title="bbox 181 2257 1556 2334; baseline 0.007 -10"><span class='ocrx_word' id='word_1_93' title='bbox 181 2276 265 2324; x_wconf 82' lang='lat' dir='ltr'><strong>rno</strong></span> <span class='ocrx_word' id='word_1_94' title='bbox 284 2257 325 2324; x_wconf 85' lang='lat' dir='ltr'><strong>de</strong></span> <span class='ocrx_word' id='word_1_95' title='bbox 346 2259 462 2322; x_wconf 75' lang='lat' dir='ltr'><strong>uem</strong></span> <span class='ocrx_word' id='word_1_96' title='bbox 503 2259 676 2325; x_wconf 66' lang='lat' dir='ltr'><strong>musmo</strong></span> <span class='ocrx_word' id='word_1_97' title='bbox 697 2261 737 2325; x_wconf 93' lang='lat' dir='ltr'><strong>de</strong></span> <span class='ocrx_word' id='word_1_98' title='bbox 757 2261 971 2328; x_wconf 70' lang='lat' dir='ltr'><strong>Brennum</strong></span> <span class='ocrx_word' id='word_1_99' title='bbox 1012 2263 1114 2328; x_wconf 76' lang='lat' dir='ltr'><strong>Hune</strong></span> <span class='ocrx_word' id='word_1_100' title='bbox 1127 2265 1168 2330; x_wconf 94' lang='lat' dir='ltr'><strong>de</strong></span> <span class='ocrx_word' id='word_1_101' title='bbox 1180 2265 1361 2331; x_wconf 71' lang='lat' dir='ltr'><strong>Pssumis</strong></span> <span class='ocrx_word' id='word_1_102' title='bbox 1402 2269 1556 2334; x_wconf 74' lang='lat' dir='ltr'><strong>Reenmo</strong></span> 
     </span>
     <span class='ocr_line' id='line_1_12' title="bbox 182 2390 1553 2465; baseline 0.008 -11"><span class='ocrx_word' id='word_1_103' title='bbox 182 2390 320 2455; x_wconf 75' lang='lat' dir='ltr'><strong>eoum</strong></span> <span class='ocrx_word' id='word_1_104' title='bbox 360 2391 507 2454; x_wconf 79' lang='lat' dir='ltr'><strong>Rroenno</strong></span> <span class='ocrx_word' id='word_1_105' title='bbox 527 2391 645 2455; x_wconf 79' lang='lat' dir='ltr'><strong>(imese</strong></span> <span class='ocrx_word' id='word_1_106' title='bbox 687 2391 845 2456; x_wconf 70' lang='lat' dir='ltr'><strong>rennes</strong></span> <span class='ocrx_word' id='word_1_107' title='bbox 864 2392 1026 2459; x_wconf 71' lang='lat' dir='ltr'><strong>Tnueaon</strong></span> <span class='ocrx_word' id='word_1_108' title='bbox 1067 2393 1266 2464; x_wconf 58' lang='lat' dir='ltr'><strong>munuum</strong></span> <span class='ocrx_word' id='word_1_109' title='bbox 1296 2396 1361 2462; x_wconf 80' lang='lat' dir='ltr'><strong>udo</strong></span> <span class='ocrx_word' id='word_1_110' title='bbox 1392 2397 1553 2465; x_wconf 76' lang='lat' dir='ltr'><strong>Mnemon</strong></span> 
     </span>
     <span class='ocr_line' id='line_1_13' title="bbox 183 2517 920 2588; baseline 0.003 -2"><span class='ocrx_word' id='word_1_111' title='bbox 183 2517 222 2586; x_wconf 86' lang='lat' dir='ltr'><strong>de</strong></span> <span class='ocrx_word' id='word_1_112' title='bbox 243 2520 425 2587; x_wconf 64' lang='lat' dir='ltr'><strong>immoene</strong></span> <span class='ocrx_word' id='word_1_113' title='bbox 466 2521 621 2587; x_wconf 80' lang='lat' dir='ltr'><strong>Reennro</strong></span> <span class='ocrx_word' id='word_1_114' title='bbox 640 2521 767 2587; x_wconf 73' lang='lat' dir='ltr'><strong>umus</strong></span> <span class='ocrx_word' id='word_1_115' title='bbox 786 2529 819 2587; x_wconf 90' lang='lat' dir='ltr'><strong>et</strong></span> <span class='ocrx_word' id='word_1_116' title='bbox 840 2522 920 2588; x_wconf 85' lang='lat' dir='ltr'><strong>aliis.</strong></span> 
     </span>
    </p>
   </div>
   <div class='ocr_carea' id='block_1_3' title="bbox 174 2809 1554 4843">
    <p class='ocr_par' dir='ltr' id='par_1_3' title="bbox 297 2809 1437 3156">
     <span class='ocr_line' id='line_1_14' title="bbox 802 2809 935 2878; baseline -0.015 0"><span class='ocrx_word' id='word_1_117' title='bbox 802 2809 935 2878; x_wconf 81' lang='lat' dir='ltr'><strong>oxon.</strong></span> 
     </span>
     <span class='ocr_line' id='line_1_15' title="bbox 297 2943 1437 3014; baseline -0.001 -2"><span class='ocrx_word' id='word_1_118' title='bbox 297 2945 433 3012; x_wconf 70' lang='lat' dir='ltr'>GARTA</span> <span class='ocrx_word' id='word_1_119' title='bbox 454 2943 633 3013; x_wconf 76' lang='lat' dir='ltr'><strong>GEGILOE</strong></span> <span class='ocrx_word' id='word_1_120' title='bbox 654 2943 756 3008; x_wconf 74' lang='lat' dir='ltr'><strong>Rdir:</strong></span> <span class='ocrx_word' id='word_1_121' title='bbox 779 2945 819 3009; x_wconf 81' lang='lat' dir='ltr'><strong>G.</strong></span> <span class='ocrx_word' id='word_1_122' title='bbox 840 2944 956 3010; x_wconf 79' lang='lat' dir='ltr'><strong>PAGE</strong></span> <span class='ocrx_word' id='word_1_123' title='bbox 977 2943 1111 3012; x_wconf 78' lang='lat' dir='ltr'>YSAAO</span> <span class='ocrx_word' id='word_1_124' title='bbox 1132 2943 1194 3010; x_wconf 80' lang='lat' dir='ltr'><strong>Dii</strong></span> <span class='ocrx_word' id='word_1_125' title='bbox 1214 2943 1437 3014; x_wconf 82' lang='lat' dir='ltr'><strong>LANDOGH.</strong></span> 
     </span>
     <span class='ocr_line' id='line_1_16' title="bbox 302 3073 1089 3156; baseline -0.006 -12"><span class='ocrx_word' id='word_1_126' title='bbox 302 3137 308 3144; x_wconf 93' lang='lat'>.</span> <span class='ocrx_word' id='word_1_127' title='bbox 644 3073 749 3156; x_wconf 76' lang='lat' dir='ltr'><strong>[Auem</strong></span> <span class='ocrx_word' id='word_1_128' title='bbox 773 3077 905 3141; x_wconf 77' lang='lat' dir='ltr'><strong>cusan:</strong></span> <span class='ocrx_word' id='word_1_129' title='bbox 927 3075 978 3137; x_wconf 74' lang='lat'><strong>24.</strong></span> <span class='ocrx_word' id='word_1_130' title='bbox 1000 3075 1089 3155; x_wconf 59' lang='lat'><strong>280]</strong></span> 
     </span>
    </p>

    <p class='ocr_par' dir='ltr' id='par_1_4' title="bbox 174 3203 1554 4843">
     <span class='ocr_line' id='line_1_17' title="bbox 219 3203 1550 3290; baseline -0.001 -17"><span class='ocrx_word' id='word_1_131' title='bbox 219 3207 328 3273; x_wconf 80' lang='lat' dir='ltr'><strong>Sciant</strong></span> <span class='ocrx_word' id='word_1_132' title='bbox 348 3212 512 3290; x_wconf 83' lang='lat' dir='ltr'><strong>presentes</strong></span> <span class='ocrx_word' id='word_1_133' title='bbox 531 3213 564 3270; x_wconf 90' lang='lat' dir='ltr'><strong>et</strong></span> <span class='ocrx_word' id='word_1_134' title='bbox 584 3203 683 3268; x_wconf 89' lang='lat' dir='ltr'><strong>iuturi</strong></span> <span class='ocrx_word' id='word_1_135' title='bbox 702 3203 787 3286; x_wconf 89' lang='lat' dir='ltr'><strong>quod</strong></span> <span class='ocrx_word' id='word_1_136' title='bbox 806 3222 866 3286; x_wconf 77' lang='lat' dir='ltr'><strong>ego</strong></span> <span class='ocrx_word' id='word_1_137' title='bbox 896 3204 1031 3269; x_wconf 80' lang='lat' dir='ltr'><strong>Onerum</strong></span> <span class='ocrx_word' id='word_1_138' title='bbox 1061 3205 1173 3270; x_wconf 82' lang='lat' dir='ltr'><strong>relieta</strong></span> <span class='ocrx_word' id='word_1_139' title='bbox 1203 3205 1366 3270; x_wconf 76' lang='lat' dir='ltr'><strong>(inurerer</strong></span> <span class='ocrx_word' id='word_1_140' title='bbox 1394 3206 1485 3272; x_wconf 79' lang='lat' dir='ltr'><strong>Pseu</strong></span> <span class='ocrx_word' id='word_1_141' title='bbox 1516 3207 1550 3272; x_wconf 90' lang='lat' dir='ltr'><strong>in</strong></span> 
     </span>
     <span class='ocr_line' id='line_1_18' title="bbox 177 3333 1554 3421; baseline 0.001 -19"><span class='ocrx_word' id='word_1_142' title='bbox 177 3337 259 3421; x_wconf 76' lang='lat' dir='ltr'><strong>ligea</strong></span> <span class='ocrx_word' id='word_1_143' title='bbox 278 3336 430 3402; x_wconf 83' lang='lat' dir='ltr'><strong>viduitate</strong></span> <span class='ocrx_word' id='word_1_144' title='bbox 450 3355 523 3400; x_wconf 88' lang='lat' dir='ltr'><strong>mea</strong></span> <span class='ocrx_word' id='word_1_145' title='bbox 541 3334 614 3400; x_wconf 89' lang='lat' dir='ltr'><strong>dedi</strong></span> <span class='ocrx_word' id='word_1_146' title='bbox 634 3341 667 3399; x_wconf 87' lang='lat' dir='ltr'><strong>et</strong></span> <span class='ocrx_word' id='word_1_147' title='bbox 687 3335 829 3398; x_wconf 85' lang='lat' dir='ltr'><strong>eeneeesi</strong></span> <span class='ocrx_word' id='word_1_148' title='bbox 848 3341 881 3398; x_wconf 93' lang='lat' dir='ltr'><strong>et</strong></span> <span class='ocrx_word' id='word_1_149' title='bbox 901 3335 963 3399; x_wconf 86' lang='lat' dir='ltr'><strong>hee</strong></span> <span class='ocrx_word' id='word_1_150' title='bbox 981 3333 1123 3418; x_wconf 83' lang='lat' dir='ltr'><strong>presenti</strong></span> <span class='ocrx_word' id='word_1_151' title='bbox 1151 3343 1241 3402; x_wconf 77' lang='lat' dir='ltr'><strong>uerte</strong></span> <span class='ocrx_word' id='word_1_152' title='bbox 1267 3355 1341 3401; x_wconf 87' lang='lat' dir='ltr'><strong>mea</strong></span> <span class='ocrx_word' id='word_1_153' title='bbox 1369 3338 1554 3404; x_wconf 79' lang='lat' dir='ltr'><strong>confirmavi</strong></span> 
     </span>
     <span class='ocr_line' id='line_1_19' title="bbox 178 3464 1550 3552; baseline 0.002 -21"><span class='ocrx_word' id='word_1_154' title='bbox 178 3469 286 3530; x_wconf 77' lang='lat' dir='ltr'><strong>Yseuu</strong></span> <span class='ocrx_word' id='word_1_155' title='bbox 300 3467 339 3530; x_wconf 92' lang='lat' dir='ltr'><strong>de</strong></span> <span class='ocrx_word' id='word_1_156' title='bbox 360 3466 519 3530; x_wconf 69' lang='lat' dir='ltr'><strong>Menoeis</strong></span> <span class='ocrx_word' id='word_1_157' title='bbox 539 3464 623 3528; x_wconf 88' lang='lat' dir='ltr'><strong>iilius</strong></span> <span class='ocrx_word' id='word_1_158' title='bbox 643 3464 827 3528; x_wconf 76' lang='lat' dir='ltr'><strong>Aueusnnrr</strong></span> <span class='ocrx_word' id='word_1_159' title='bbox 847 3479 947 3528; x_wconf 89' lang='lat' dir='ltr'><strong>unum</strong></span> <span class='ocrx_word' id='word_1_160' title='bbox 966 3481 1205 3529; x_wconf 77' lang='lat' dir='ltr'><strong>mensunusum</strong></span> <span class='ocrx_word' id='word_1_161' title='bbox 1225 3466 1351 3531; x_wconf 77' lang='lat' dir='ltr'><strong>curtillo</strong></span> <span class='ocrx_word' id='word_1_162' title='bbox 1365 3473 1398 3532; x_wconf 92' lang='lat' dir='ltr'><strong>et</strong></span> <span class='ocrx_word' id='word_1_163' title='bbox 1412 3467 1550 3552; x_wconf 87' lang='lat' dir='ltr'><strong>quinque</strong></span> 
     </span>
     <span class='ocr_line' id='line_1_20' title="bbox 178 3591 1553 3677; baseline 0 -14"><span class='ocrx_word' id='word_1_164' title='bbox 178 3617 269 3663; x_wconf 84' lang='lat' dir='ltr'><strong>aeras</strong></span> <span class='ocrx_word' id='word_1_165' title='bbox 290 3605 372 3662; x_wconf 81' lang='lat' dir='ltr'><strong>terte</strong></span> <span class='ocrx_word' id='word_1_166' title='bbox 392 3605 425 3660; x_wconf 91' lang='lat' dir='ltr'><strong>et</strong></span> <span class='ocrx_word' id='word_1_167' title='bbox 444 3596 526 3659; x_wconf 85' lang='lat' dir='ltr'><strong>dues</strong></span> <span class='ocrx_word' id='word_1_168' title='bbox 545 3601 654 3677; x_wconf 86' lang='lat' dir='ltr'><strong>partes</strong></span> <span class='ocrx_word' id='word_1_169' title='bbox 673 3592 768 3658; x_wconf 83' lang='lat' dir='ltr'><strong>nnius</strong></span> <span class='ocrx_word' id='word_1_170' title='bbox 798 3591 949 3676; x_wconf 83' lang='lat' dir='ltr'><strong>quarterii</strong></span> <span class='ocrx_word' id='word_1_171' title='bbox 968 3593 1008 3657; x_wconf 90' lang='lat' dir='ltr'><strong>de</strong></span> <span class='ocrx_word' id='word_1_172' title='bbox 1029 3611 1095 3658; x_wconf 90' lang='lat' dir='ltr'><strong>nna</strong></span> <span class='ocrx_word' id='word_1_173' title='bbox 1115 3613 1191 3659; x_wconf 85' lang='lat' dir='ltr'><strong>aera</strong></span> <span class='ocrx_word' id='word_1_174' title='bbox 1209 3593 1293 3676; x_wconf 86' lang='lat' dir='ltr'><strong>preti</strong></span> <span class='ocrx_word' id='word_1_175' title='bbox 1313 3613 1387 3659; x_wconf 85' lang='lat' dir='ltr'><strong>enm</strong></span> <span class='ocrx_word' id='word_1_176' title='bbox 1406 3599 1553 3663; x_wconf 63' lang='lat' dir='ltr'><strong>emmens</strong></span> 
     </span>
     <span class='ocr_line' id='line_1_21' title="bbox 180 3722 1553 3810; baseline 0.001 -19"><span class='ocrx_word' id='word_1_177' title='bbox 180 3727 378 3810; x_wconf 86' lang='lat' dir='ltr'><strong>pertinentiis</strong></span> <span class='ocrx_word' id='word_1_178' title='bbox 398 3725 464 3790; x_wconf 88' lang='lat' dir='ltr'><strong>suis</strong></span> <span class='ocrx_word' id='word_1_179' title='bbox 484 3725 568 3789; x_wconf 87' lang='lat' dir='ltr'><strong>inira</strong></span> <span class='ocrx_word' id='word_1_180' title='bbox 587 3723 763 3789; x_wconf 90' lang='lat' dir='ltr'><strong>manerium</strong></span> <span class='ocrx_word' id='word_1_181' title='bbox 782 3723 822 3787; x_wconf 90' lang='lat' dir='ltr'><strong>de</strong></span> <span class='ocrx_word' id='word_1_182' title='bbox 842 3723 1011 3788; x_wconf 73' lang='lat' dir='ltr'><strong>Ireenoou.</strong></span> <span class='ocrx_word' id='word_1_183' title='bbox 1053 3723 1145 3802; x_wconf 83' lang='lat' dir='ltr'><strong>Quod</strong></span> <span class='ocrx_word' id='word_1_184' title='bbox 1165 3722 1292 3807; x_wconf 88' lang='lat' dir='ltr'><strong>quidem</strong></span> <span class='ocrx_word' id='word_1_185' title='bbox 1311 3745 1460 3790; x_wconf 87' lang='lat' dir='ltr'><strong>mansum</strong></span> <span class='ocrx_word' id='word_1_186' title='bbox 1479 3745 1553 3792; x_wconf 83' lang='lat' dir='ltr'><strong>eum</strong></span> 
     </span>
     <span class='ocr_line' id='line_1_22' title="bbox 176 3855 1552 3942; baseline -0.001 -19"><span class='ocrx_word' id='word_1_187' title='bbox 176 3858 320 3942; x_wconf 79' lang='lat' dir='ltr'><strong>predicte</strong></span> <span class='ocrx_word' id='word_1_188' title='bbox 349 3857 474 3923; x_wconf 87' lang='lat' dir='ltr'><strong>eurtilio</strong></span> <span class='ocrx_word' id='word_1_189' title='bbox 494 3857 527 3922; x_wconf 89' lang='lat' dir='ltr'><strong>in</strong></span> <span class='ocrx_word' id='word_1_190' title='bbox 548 3856 624 3922; x_wconf 82' lang='lat' dir='ltr'><strong>villa</strong></span> <span class='ocrx_word' id='word_1_191' title='bbox 642 3856 683 3921; x_wconf 89' lang='lat' dir='ltr'><strong>de</strong></span> <span class='ocrx_word' id='word_1_192' title='bbox 703 3855 860 3921; x_wconf 66' lang='lat' dir='ltr'><strong>minoen</strong></span> <span class='ocrx_word' id='word_1_193' title='bbox 880 3861 913 3920; x_wconf 91' lang='lat' dir='ltr'><strong>et</strong></span> <span class='ocrx_word' id='word_1_194' title='bbox 934 3862 1070 3938; x_wconf 84' lang='lat' dir='ltr'><strong>quetuer</strong></span> <span class='ocrx_word' id='word_1_195' title='bbox 1097 3875 1169 3920; x_wconf 84' lang='lat' dir='ltr'><strong>aere</strong></span> <span class='ocrx_word' id='word_1_196' title='bbox 1200 3863 1282 3920; x_wconf 84' lang='lat' dir='ltr'><strong>terre</strong></span> <span class='ocrx_word' id='word_1_197' title='bbox 1307 3875 1381 3922; x_wconf 85' lang='lat' dir='ltr'><strong>enm</strong></span> <span class='ocrx_word' id='word_1_198' title='bbox 1410 3859 1552 3939; x_wconf 73' lang='lat' dir='ltr'><strong>predicte</strong></span> 
     </span>
     <span class='ocr_line' id='line_1_23' title="bbox 174 3985 1551 4072; baseline -0.001 -17"><span class='ocrx_word' id='word_1_199' title='bbox 174 3993 283 4072; x_wconf 76' lang='lat' dir='ltr'><strong>jacent</strong></span> <span class='ocrx_word' id='word_1_200' title='bbox 303 3989 389 4072; x_wconf 78' lang='lat' dir='ltr'><strong>epud</strong></span> <span class='ocrx_word' id='word_1_201' title='bbox 417 3988 617 4054; x_wconf 73' lang='lat' dir='ltr'><strong>nmmum</strong></span> <span class='ocrx_word' id='word_1_202' title='bbox 647 3994 735 4053; x_wconf 88' lang='lat' dir='ltr'><strong>etse</strong></span> <span class='ocrx_word' id='word_1_203' title='bbox 756 3986 932 4051; x_wconf 88' lang='lat' dir='ltr'><strong>extendunt</strong></span> <span class='ocrx_word' id='word_1_204' title='bbox 963 3986 1004 4051; x_wconf 86' lang='lat' dir='ltr'><strong>ad</strong></span> <span class='ocrx_word' id='word_1_205' title='bbox 1035 3985 1162 4050; x_wconf 87' lang='lat' dir='ltr'><strong>ieodum</strong></span> <span class='ocrx_word' id='word_1_206' title='bbox 1180 3985 1221 4050; x_wconf 91' lang='lat' dir='ltr'><strong>de</strong></span> <span class='ocrx_word' id='word_1_207' title='bbox 1242 3989 1365 4052; x_wconf 76' lang='lat' dir='ltr'><strong>coam.</strong></span> <span class='ocrx_word' id='word_1_208' title='bbox 1413 3987 1458 4051; x_wconf 89' lang='lat' dir='ltr'><strong>idt</strong></span> <span class='ocrx_word' id='word_1_209' title='bbox 1483 4007 1551 4054; x_wconf 84' lang='lat' dir='ltr'><strong>nna</strong></span> 
     </span>
     <span class='ocr_line' id='line_1_24' title="bbox 177 4117 1551 4203; baseline 0 -19"><span class='ocrx_word' id='word_1_210' title='bbox 177 4121 321 4203; x_wconf 77' lang='lat' dir='ltr'><strong>predicte</strong></span> <span class='ocrx_word' id='word_1_211' title='bbox 339 4139 415 4186; x_wconf 80' lang='lat' dir='ltr'><strong>aera</strong></span> <span class='ocrx_word' id='word_1_212' title='bbox 433 4127 517 4185; x_wconf 86' lang='lat' dir='ltr'><strong>terre</strong></span> <span class='ocrx_word' id='word_1_213' title='bbox 535 4121 621 4203; x_wconf 80' lang='lat' dir='ltr'><strong>jaeet</strong></span> <span class='ocrx_word' id='word_1_214' title='bbox 640 4119 675 4182; x_wconf 91' lang='lat' dir='ltr'><strong>in</strong></span> <span class='ocrx_word' id='word_1_215' title='bbox 694 4117 853 4184; x_wconf 84' lang='lat' dir='ltr'><strong>territerio</strong></span> <span class='ocrx_word' id='word_1_216' title='bbox 883 4117 967 4201; x_wconf 89' lang='lat' dir='ltr'><strong>qued</strong></span> <span class='ocrx_word' id='word_1_217' title='bbox 996 4124 1128 4184; x_wconf 77' lang='lat' dir='ltr'><strong>secetur</strong></span> <span class='ocrx_word' id='word_1_218' title='bbox 1156 4118 1334 4182; x_wconf 78' lang='lat' dir='ltr'><strong>Vennones</strong></span> <span class='ocrx_word' id='word_1_219' title='bbox 1359 4121 1454 4202; x_wconf 80' lang='lat' dir='ltr'><strong>juxte</strong></span> <span class='ocrx_word' id='word_1_220' title='bbox 1473 4125 1551 4184; x_wconf 83' lang='lat' dir='ltr'><strong>tune</strong></span> 
     </span>
     <span class='ocr_line' id='line_1_25' title="bbox 179 4248 1552 4334; baseline -0.003 -16"><span class='ocrx_word' id='word_1_221' title='bbox 179 4261 297 4318; x_wconf 74' lang='lat' dir='ltr'><strong>terrem</strong></span> <span class='ocrx_word' id='word_1_222' title='bbox 316 4251 455 4334; x_wconf 75' lang='lat' dir='ltr'><strong>predicte</strong></span> <span class='ocrx_word' id='word_1_223' title='bbox 475 4251 583 4316; x_wconf 79' lang='lat' dir='ltr'><strong>Yseeo</strong></span> <span class='ocrx_word' id='word_1_224' title='bbox 602 4270 641 4315; x_wconf 86' lang='lat' dir='ltr'><strong>ex</strong></span> <span class='ocrx_word' id='word_1_225' title='bbox 661 4257 753 4333; x_wconf 85' lang='lat' dir='ltr'><strong>parte</strong></span> <span class='ocrx_word' id='word_1_226' title='bbox 772 4249 891 4315; x_wconf 88' lang='lat' dir='ltr'><strong>boreali</strong></span> <span class='ocrx_word' id='word_1_227' title='bbox 911 4256 944 4313; x_wconf 90' lang='lat' dir='ltr'><strong>et</strong></span> <span class='ocrx_word' id='word_1_228' title='bbox 964 4257 1083 4314; x_wconf 87' lang='lat' dir='ltr'><strong>terram</strong></span> <span class='ocrx_word' id='word_1_229' title='bbox 1103 4249 1294 4312; x_wconf 72' lang='lat' dir='ltr'><strong>Amnum</strong></span> <span class='ocrx_word' id='word_1_230' title='bbox 1314 4248 1372 4312; x_wconf 91' lang='lat' dir='ltr'><strong>iiiii</strong></span> <span class='ocrx_word' id='word_1_231' title='bbox 1390 4249 1552 4314; x_wconf 72' lang='lat' dir='ltr'><strong>Mnemon</strong></span> 
     </span>
     <span class='ocr_line' id='line_1_26' title="bbox 177 4377 1551 4465; baseline -0.001 -19"><span class='ocrx_word' id='word_1_232' title='bbox 177 4384 216 4448; x_wconf 93' lang='lat' dir='ltr'><strong>de</strong></span> <span class='ocrx_word' id='word_1_233' title='bbox 237 4385 397 4448; x_wconf 69' lang='lat' dir='ltr'><strong>hennom</strong></span> <span class='ocrx_word' id='word_1_234' title='bbox 417 4401 456 4446; x_wconf 86' lang='lat' dir='ltr'><strong>ex</strong></span> <span class='ocrx_word' id='word_1_235' title='bbox 483 4389 576 4465; x_wconf 83' lang='lat' dir='ltr'><strong>perte</strong></span> <span class='ocrx_word' id='word_1_236' title='bbox 603 4381 745 4446; x_wconf 71' lang='lat' dir='ltr'><strong>emtrali.</strong></span> <span class='ocrx_word' id='word_1_237' title='bbox 787 4379 948 4445; x_wconf 71' lang='lat' dir='ltr'><strong>Habenda</strong></span> <span class='ocrx_word' id='word_1_238' title='bbox 975 4387 1008 4445; x_wconf 89' lang='lat' dir='ltr'><strong>et</strong></span> <span class='ocrx_word' id='word_1_239' title='bbox 1039 4378 1178 4444; x_wconf 86' lang='lat' dir='ltr'><strong>tenenda</strong></span> <span class='ocrx_word' id='word_1_240' title='bbox 1197 4378 1238 4443; x_wconf 92' lang='lat' dir='ltr'><strong>de</strong></span> <span class='ocrx_word' id='word_1_241' title='bbox 1256 4398 1309 4443; x_wconf 89' lang='lat' dir='ltr'><strong>me</strong></span> <span class='ocrx_word' id='word_1_242' title='bbox 1329 4385 1363 4444; x_wconf 93' lang='lat' dir='ltr'><strong>et</strong></span> <span class='ocrx_word' id='word_1_243' title='bbox 1383 4377 1551 4444; x_wconf 80' lang='lat' dir='ltr'><strong>heredibus</strong></span> 
     </span>
     <span class='ocr_line' id='line_1_27' title="bbox 178 4508 1553 4592; baseline -0.002 -15"><span class='ocrx_word' id='word_1_244' title='bbox 178 4517 257 4579; x_wconf 87' lang='lat' dir='ltr'><strong>meis</strong></span> <span class='ocrx_word' id='word_1_245' title='bbox 277 4513 338 4579; x_wconf 83' lang='lat' dir='ltr'><strong>eibi</strong></span> <span class='ocrx_word' id='word_1_246' title='bbox 357 4519 391 4578; x_wconf 89' lang='lat' dir='ltr'><strong>et</strong></span> <span class='ocrx_word' id='word_1_247' title='bbox 410 4512 577 4578; x_wconf 69' lang='lat' dir='ltr'><strong>insutus</strong></span> <span class='ocrx_word' id='word_1_248' title='bbox 597 4512 663 4577; x_wconf 84' lang='lat' dir='ltr'><strong>suis</strong></span> <span class='ocrx_word' id='word_1_249' title='bbox 682 4513 734 4577; x_wconf 81' lang='lat' dir='ltr'><strong>vel</strong></span> <span class='ocrx_word' id='word_1_250' title='bbox 753 4511 923 4592; x_wconf 65' lang='lat' dir='ltr'><strong>unguens</strong></span> <span class='ocrx_word' id='word_1_251' title='bbox 943 4510 1010 4576; x_wconf 90' lang='lat' dir='ltr'><strong>suis</strong></span> <span class='ocrx_word' id='word_1_252' title='bbox 1034 4509 1132 4574; x_wconf 85' lang='lat' dir='ltr'><strong>libere</strong></span> <span class='ocrx_word' id='word_1_253' title='bbox 1157 4509 1262 4592; x_wconf 82' lang='lat' dir='ltr'><strong>quiete</strong></span> <span class='ocrx_word' id='word_1_254' title='bbox 1281 4508 1411 4591; x_wconf 84' lang='lat' dir='ltr'><strong>paeiiiee</strong></span> <span class='ocrx_word' id='word_1_255' title='bbox 1431 4509 1553 4592; x_wconf 81' lang='lat' dir='ltr'><strong>integre</strong></span> 
     </span>
     <span class='ocr_line' id='line_1_28' title="bbox 178 4639 1550 4725; baseline -0.003 -17"><span class='ocrx_word' id='word_1_256' title='bbox 178 4651 211 4708; x_wconf 91' lang='lat' dir='ltr'><strong>et</strong></span> <span class='ocrx_word' id='word_1_257' title='bbox 231 4643 421 4708; x_wconf 68' lang='lat' dir='ltr'><strong>hereditarie</strong></span> <span class='ocrx_word' id='word_1_258' title='bbox 441 4651 474 4709; x_wconf 90' lang='lat' dir='ltr'><strong>et</strong></span> <span class='ocrx_word' id='word_1_259' title='bbox 495 4643 562 4708; x_wconf 83' lang='lat' dir='ltr'><strong>eine</strong></span> <span class='ocrx_word' id='word_1_260' title='bbox 583 4643 669 4708; x_wconf 87' lang='lat' dir='ltr'><strong>omni</strong></span> <span class='ocrx_word' id='word_1_261' title='bbox 695 4641 876 4725; x_wconf 75' lang='lat' dir='ltr'><strong>gravemine</strong></span> <span class='ocrx_word' id='word_1_262' title='bbox 896 4641 931 4704; x_wconf 85' lang='lat' dir='ltr'><strong>in</strong></span> <span class='ocrx_word' id='word_1_263' title='bbox 950 4639 1009 4706; x_wconf 82' lang='lat' dir='ltr'><strong>viis</strong></span> <span class='ocrx_word' id='word_1_264' title='bbox 1030 4639 1152 4706; x_wconf 81' lang='lat' dir='ltr'><strong>semitis</strong></span> <span class='ocrx_word' id='word_1_265' title='bbox 1182 4639 1272 4722; x_wconf 81' lang='lat' dir='ltr'><strong>equis</strong></span> <span class='ocrx_word' id='word_1_266' title='bbox 1299 4640 1439 4721; x_wconf 73' lang='lat' dir='ltr'><strong>pasturis</strong></span> <span class='ocrx_word' id='word_1_267' title='bbox 1467 4659 1550 4705; x_wconf 86' lang='lat' dir='ltr'><strong>eem-</strong></span> 
     </span>
     <span class='ocr_line' id='line_1_29' title="bbox 179 4769 1549 4843; baseline -0.005 -1"><span class='ocrx_word' id='word_1_268' title='bbox 179 4776 285 4842; x_wconf 84' lang='lat' dir='ltr'><strong>nunis</strong></span> <span class='ocrx_word' id='word_1_269' title='bbox 306 4773 491 4843; x_wconf 65' lang='lat' dir='ltr'><strong>minuentis</strong></span> <span class='ocrx_word' id='word_1_270' title='bbox 510 4781 543 4842; x_wconf 90' lang='lat' dir='ltr'><strong>et</strong></span> <span class='ocrx_word' id='word_1_271' title='bbox 563 4773 597 4841; x_wconf 87' lang='lat' dir='ltr'><strong>iu</strong></span> <span class='ocrx_word' id='word_1_272' title='bbox 617 4771 763 4843; x_wconf 76' lang='lat' dir='ltr'><strong>omnibus</strong></span> <span class='ocrx_word' id='word_1_273' title='bbox 783 4769 981 4840; x_wconf 61' lang='lat' dir='ltr'><strong>libertatibus</strong></span> <span class='ocrx_word' id='word_1_274' title='bbox 995 4777 1027 4838; x_wconf 89' lang='lat' dir='ltr'><strong>et</strong></span> <span class='ocrx_word' id='word_1_275' title='bbox 1041 4769 1147 4840; x_wconf 70' lang='lat' dir='ltr'><strong>hieria</strong></span> <span class='ocrx_word' id='word_1_276' title='bbox 1167 4769 1448 4839; x_wconf 75' lang='lat' dir='ltr'><strong>consuetudinibus</strong></span> <span class='ocrx_word' id='word_1_277' title='bbox 1468 4769 1549 4836; x_wconf 72' lang='lat' dir='ltr'><strong>sion</strong></span> 
     </span>
    </p>
   </div>
   <div class='ocr_carea' id='block_1_4' title="bbox 0 0 1970 5498">
    <p class='ocr_par' dir='ltr' id='par_1_5' title="bbox 0 0 1970 5498">
     <span class='ocr_line' id='line_1_30' title="bbox 0 0 1970 5498; baseline 0 3"><span class='ocrx_word' id='word_1_278' title='bbox 0 0 1970 5498; x_wconf 95' lang='lat' dir='ltr'><strong> </strong></span> 
     </span>
    </p>
   </div>
  </div>
 </body>
</html>
