3986 5502
434 756 492 818 124

387 1061 596 1123 Luwumruu
657 1059 838 1142 Principem
920 1078 1004 1124 enno
1024 1057 1112 1142 regni
1132 1058 1227 1140 Regis
1247 1056 1392 1121 Herm
1413 1055 1469 1120 lilii
1482 1053 1577 1136 Regis
1597 1053 1761 1119 Jomms

390 1191 542 1253 Wsuum'
577 1197 610 1252 et
662 1191 834 1253 Dominum
914 1190 1171 1272 quinqusgesimc
1205 1190 1343 1253 secundo
1374 1187 1458 1270 apud
1488 1187 1625 1250 Porrus
1645 1183 1760 1248 More·

388 1320 558 1384 Srswncr'
579 1339 618 1384 ex
648 1340 715 1384 une
743 1327 834 1402 perte
912 1322 1341 1388 cuoucuiucsrruurrunr
1367 1319 1515 1384 convenit
1541 1320 1626 1383 inter
1650 1309 1760 1382 Domi·

391 1457 425 1515 et
439 1450 613 1514 Dominum
626 1451 665 1515 G'
680 1451 719 1514 de
734 1453 845 1516 cnm
925 1471 1003 1513 num
1017 1451 1225 1516 Imwuumnu
1237 1452 1415 1534 Principem
1429 1453 1566 1515 Wsnunr
1588 1449 1762 1514 Domimm

392 1599 432 1642 ex
452 1581 563 1643 nitere.
928 1580 1122 1643 Suswnoum
1137 1601 1176 1644 ex
1189 1601 1255 1645 une
1274 1589 1364 1662 perte
1378 1587 1411 1644 et
1425 1581 1598 1643 Dominum
1618 1581 1761 1643 Guneu-

389 1729 459 1774 ums
479 1711 519 1774 de
540 1713 651 1776 Omen
683 1711 840 1775 Comitem
860 1712 1091 1774 (incusserunt
1112 1719 1145 1775 et
1165 1713 1383 1775 Hucrrosnm
1398 1733 1436 1776 ex
1451 1713 1553 1775 eltere
1573 1730 1666 1793 super
1684 1730 1761 1773 con·

386 1839 591 1904 tencionibus
612 1846 645 1904 et
665 1839 830 1902 discordiis
850 1839 933 1903 inter
953 1841 1038 1921 ipsos
1058 1841 1153 1903 motis
1174 1861 1268 1922 super
1280 1841 1460 1905 hominibus
1474 1843 1566 1904 terris
1586 1849 1762 1922 meumes·

389 1970 529 2034 sionibus
549 1976 582 2034 et
602 1970 695 2032 rebus
725 1969 796 2032 eliis
826 1969 865 2032 de
886 1969 999 2051 quibus
1018 1989 1118 2049 nuper
1138 1969 1222 2050 epud
1243 1971 1443 2034 Moseom’
1464 1989 1572 2033 cerem
1590 1969 1764 2034 renerebili

389 2108 482 2186 petre
503 2101 650 2182 episcopo
671 2101 853 2162 Exosmssi
874 2105 906 2162 et
927 2100 1020 2162 sociis
1040 2100 1106 2162 suis
1125 2121 1182 2182 per
1201 2100 1364 2163 dominum
1384 2101 1502 2182 Regem
1521 2101 1637 2164 ibidem
1657 2107 1763 2164 irene

391 2231 496 2295 missis
517 2231 678 2312 sgebetur.
720 2229 873 2296 Videlicet
894 2229 978 2310 quod
996 2229 1130 2310 predicti
1160 2229 1310 2311 Princeps
1340 2237 1373 2294 et
1404 2231 1516 2294 (lomes
1537 2238 1764 2296 consenserunt

391 2362 476 2445 quod
496 2360 547 2424 die
569 2361 739 2423 Mesenen
770 2359 913 2439 proxime
932 2365 1004 2439 post
1025 2359 1217 2441 quindenum
1238 2360 1286 2424 Sti
1307 2360 1763 2442 M1cmmsenn0prediet0

392 2513 454 2576 que
475 2511 569 2573 super
589 2491 708 2555 eisdem
727 2490 861 2572 predicti
881 2491 1046 2571 episcopus
1067 2497 1099 2552 et
1120 2491 1197 2552 sccii
1217 2491 1266 2553 sui
1285 2491 1477 2572 prefixerunt
1507 2511 1613 2555 corum
1634 2492 1764 2556 domiuo

393 2623 478 2703 Rege
498 2627 705 2703 prorogentur
719 2641 822 2702 usque
837 2621 871 2682 in
884 2621 1014 2684 octebes
1034 2621 1261 2701 purificationis
1276 2621 1330 2684 Ste
1345 2623 1457 2684 Meum
1470 2623 1612 2704 proximo
1626 2623 1761 2686 futures.

396 2751 630 2814 Consenserunt
651 2749 748 2812 etiem
768 2749 864 2812 iidem
884 2751 1034 2830 Princeps
1054 2756 1087 2812 et
1109 2751 1222 2813 (lomes
1243 2750 1326 2832 qnod
1346 2751 1474 2814 interim
1486 2755 1556 2815 ven’
1570 2761 1662 2834 peter
1681 2755 1763 2834 epis·

391 2901 490 2963 copus
511 2881 656 2943 Benecs’
679 2881 793 2942 (inore
807 2878 847 2941 eb
868 2879 1072 2941 unitivum
1112 2879 1229 2942 Penne
1242 2880 1282 2943 eb
1302 2881 1507 2944 Enussvurs
1547 2888 1580 2945 et
1602 2885 1708 2946 stm
1722 2885 1764 2947 sb

390 3011 509 3074 Error
530 3015 680 3090 experte
700 3008 834 3088 predicti
854 3008 1008 3089 Principis
1029 3009 1121 3072 electi
1135 3016 1167 3071 et
1191 3009 1336 3072 dominus
1356 3011 1376 3073 J
1378 3029 1526 3074 omens
1546 3012 1629 3074 filim
1642 3012 1763 3077 Journ-

392 3159 446 3205 rus
480 3140 651 3204 domnus
664 3139 704 3202 de
717 3139 853 3201 Beuuss
885 3139 1036 3219 megistsr
1056 3140 1212 3222 Poenum
1231 3140 1271 3202 de
1291 3141 1486 3204 Lurcusrur
1505 3141 1624 3205 domini
1647 3143 1754 3224 [Pepe]

394 3272 578 3353 capellanus
599 3277 630 3334 et
651 3271 798 3333 dominus
818 3270 979 3332 Husvuus
999 3270 1039 3332 de
1058 3270 1201 3334 Bosusu
1215 3291 1253 3334 ex
1267 3278 1358 3352 perte
1378 3271 1512 3352 predicti
1532 3272 1664 3336 Comitis
1684 3273 1762 3336 elec·

392 3400 419 3464 ti
439 3400 543 3482 posite
563 3399 696 3480 prestito
717 3399 804 3479 prius
831 3398 986 3479 corporali
1006 3405 1204 3461 sacramente
1225 3400 1309 3480 quod
1328 3399 1463 3464 fideliter
1482 3408 1515 3463 et
1535 3401 1689 3484 exquisite
1710 3421 1763 3466 eu·

392 3531 484 3595 diunt
504 3530 647 3593 reticues
667 3530 742 3591 hinc
762 3529 835 3593 inde
855 3529 1036 3610 proposites
1055 3535 1088 3591 et
1112 3530 1334 3610 proponendas
1364 3549 1458 3611 super
1478 3533 1638 3612 premissis
1657 3553 1696 3596 ee
1716 3554 1762 3598 se·

394 3661 533 3725 cundum
546 3659 703 3741 justitiam
723 3659 939 3722 terminabunt
953 3665 985 3720 et
999 3659 1163 3721 diffinient.
1199 3659 1336 3722 Predicti
1347 3659 1497 3740 Princeps
1510 3667 1543 3724 et
1557 3661 1669 3724 (lomes
1682 3661 1765 3727 bone

393 3791 456 3856 fide
476 3791 644 3873 injungent
664 3789 729 3853 suis
757 3789 798 3853 ed
828 3788 972 3871 predicte
1005 3789 1115 3853 electis
1135 3790 1219 3871 quod
1239 3790 1312 3854 odio
1332 3789 1437 3854 lurore
1458 3791 1570 3854 timore
1590 3795 1766 3858 reverentie

395 3923 445 3988 vel
466 3921 606 3985 dominio
620 3939 676 3984 seu
691 3939 797 3982 emere
819 3919 952 4000 alicujus
972 3919 1110 3982 dimissis
1131 3939 1227 4001 quem
1246 3919 1382 3983 fideliter
1400 3921 1573 4001 procedent
1586 3923 1620 3985 in
1634 3927 1764 4006 negocio

396 4051 587 4134 supradicto.
630 4051 675 4112 Et
694 4049 828 4131 predicti
849 4049 999 4129 Princeps
1020 4055 1052 4112 et
1073 4049 1186 4112 Gcmes
1207 4049 1337 4113 stebunt
1356 4071 1414 4132 per
1434 4071 1486 4114 om
1501 4055 1541 4115 :ie
1555 4060 1588 4116 et
1611 4053 1646 4117 in
1666 4057 1766 4120 omni·

395 4184 456 4249 bus
475 4184 591 4266 judicio
611 4182 697 4245 dicto
716 4187 749 4244 et
769 4179 963 4244 ordinecioui
983 4179 1112 4243 erbitrio
1126 4199 1182 4244 eeu
1194 4181 1290 4244 leudo
1309 4181 1522 4262 predictorum
1542 4185 1713 4250 electorum
1733 4189 1767 4250 in

330 4347 333 4356 =
396 4313 567 4395 premissis.
610 4313 654 4375 Et
668 4311 696 4373 si
709 4310 872 4390 continget
893 4308 976 4390 quod
991 4309 1073 4372 ebsit
1093 4309 1177 4390 quod
1190 4309 1323 4389 predicti
1337 4309 1429 4374 electi
1449 4313 1592 4376 unenimi
1611 4335 1769 4382 consensu

397 4442 540 4524 predicte
559 4441 689 4522 negocie
709 4441 815 4522 eliquo
828 4458 905 4502 cssn
917 4439 1000 4501 inire
1019 4438 1189 4500 terminum
1209 4439 1424 4520 supredictum
1444 4459 1510 4505 non
1530 4445 1769 4511 termineverint

400 4571 533 4654 predicti
554 4571 704 4651 Princeps
724 4577 757 4632 et
772 4571 884 4634 <lomes
904 4569 944 4631 de
965 4569 1029 4631 elie
1048 4568 1100 4632 vie
1126 4568 1317 4632 terminandi
1336 4569 1479 4650 predicte
1503 4571 1586 4636 inire
1610 4573 1770 4655 predictus

399 4701 529 4768 octebes
549 4699 756 4786 providebunt
777 4707 809 4766 et
830 4700 857 4764 ei
877 4698 1016 4765 evenerit
1037 4697 1120 4782 quod
1140 4697 1283 4782 predicte
1301 4719 1360 4764 uec
1379 4719 1437 4782 per
1448 4702 1584 4786 primem
1604 4704 1690 4772 viem
1709 4725 1770 4772 nec
