3956 5488
414 987 680 1054 testetur-tenere
700 983 754 1067 qui
769 979 914 1066 'sequitur
932 975 1106 1048 verborum.

459 1117 641 1183 “Omnibus
661 1115 779 1180 Obrieti
808 1114 952 1179 fidelibus
980 1114 1040 1176 boo
1069 1124 1199 1194 presens
1223 1107 1380 1191 'seriptum
1407 1105 1522 1174 visuris
1546 1105 1597 1170 vel
1624 1101 1778 1169 suditurls

418 1225 563 1313 oneres
596 1248 705 1310 Rosos
725 1252 757 1310 st
778 1245 951 1310 Onsuouus
969 1244 1026 1306 filii
1046 1243 1245 1306 Ammoni
1263 1240 1399 1304 eduum
1412 1239 1446 1301 in
1460 1236 1607 1302 Domino.
1648 1235 1780 1298 Noverit

417 1377 606 1442 universitas
619 1383 725 1440 vestre
737 1376 820 1458 quod
833 1375 892 1438 beo
906 1379 955 1438 eet
968 1372 1134 1436 oonoordis
1152 1369 1256 1435 finolis
1268 1370 1355 1435 isots
1368 1386 1453 1434 enno
1466 1367 1595 1432 Domini
1615 1365 1781 1430 millesimo

418 1509 634 1572 dueentesimo
653 1505 891 1588 qusdrogesimo
911 1509 1002 1568 sexto
1026 1503 1109 1566 iuter
1138 1520 1198 1566 nos
1217 1508 1250 1566 et
1275 1499 1447 1564 moneobos
1465 1497 1506 1562 de
1527 1497 1668 1562 mouere
1697 1495 1782 1561 vide·

419 1638 493 1702 lieet
517 1637 602 1719 quod
632 1655 691 1700 noe
720 1653 877 1700 consensu
895 1641 929 1698 et
949 1632 1079 1696 oonsilio
1108 1632 1281 1696 smieornm
1309 1637 1489 1695 neruorum
1508 1645 1566 1710 pro
1584 1627 1732 1692 maximis
1750 1633 1784 1691 et

419 1767 599 1833 enormibus
611 1765 757 1847 dampnis
769 1785 829 1849 qne
842 1765 936 1828 dietis
954 1763 1118 1829 moneuhis
1137 1763 1304 1828 intutimus
1323 1769 1434 1844 utpote
1446 1763 1480 1824 in
1493 1761 1586 1825 blodo
1599 1760 1674 1823 leno
1685 1759 1786 1841 protis

419 1899 557 1981 pasturis
576 1898 719 1980 pistoriis
738 1897 917 1962 nemonbus
937 1896 1073 1978 grmgiis
1092 1895 1240 1960 beroeriie
1259 1902 1293 1958 et
1312 1893 1425 1958 averiis
1443 1892 1553 1957 multis
1570 1892 1666 1955 rebus
1686 1891 1785 1954 seium

421 2030 491 2093 eliis
517 2029 754 2110 quamplurimis
784 2048 863 2110 ques
890 2028 971 2092 bene
999 2028 1102 2114 dioere
1129 2026 1389 2108 pretermittimus
1415 2041 1548 2106 quorum
1575 2023 1785 2103 dampnorum

421 2179 545 2224 summe
558 2159 600 2221 sd
613 2165 772 2222 trecentus
790 2157 902 2240 viginti
919 2163 1056 2239 qustnor
1075 2155 1171 2218 libres
1184 2154 1292 2240 oriris
1310 2152 1516 2236 prudentibus
1535 2152 1787 2233 oompntsbstur.

421 2289 575 2352 Dedimus
594 2295 627 2351 et
647 2287 858 2350 oouoeesime
878 2287 986 2349 domui
1006 2287 1107 2348 Beate
1128 2285 1240 2348 Mem
1258 2290 1293 2348 et
1312 2281 1478 2347 mombis
1496 2281 1613 2346 soiusm
1633 2283 1704 2345 Deo
1722 2301 1785 2345 ser·

421 2418 578 2483 visutibos
597 2424 634 2480 ut
654 2415 793 2480 babeant
813 2416 848 2479 iu
866 2416 962 2479 bosoo
981 2421 1091 2478 norbo
1110 2414 1218 2478 omnis
1236 2413 1414 2478 neoesesrio
1426 2412 1495 2476 sine
1508 2412 1622 2494 gabulo
1634 2418 1668 2474 et
1681 2431 1721 2476 eo
1732 2431 1789 2494 pro

423 2547 589 2612 voluntate
609 2565 668 2610 sue
686 2553 820 2609 utentur
838 2553 875 2608 ut
894 2545 1020 2627 proprio
1039 2545 1135 2609 Βοωο
1155 2563 1211 2626 pro
1236 2544 1328 2608 nobis
1347 2551 1380 2608 et
1400 2543 1567 2607 heredibus
1586 2543 1704 2605 nostris
1724 2543 1791 2605 siue

423 2677 647 2759 impedimento
675 2676 895 2758 inperpetuum
924 2695 982 2757 pro
1010 2693 1127 2756 mogus
1155 2673 1368 2738 destructione
1397 2693 1494 2757 quom
1521 2673 1651 2738 issimus
1679 2691 1739 2736 nos
1759 2680 1791 2737 et

424 2809 568 2872 homines
588 2809 689 2871 nostri
709 2809 742 2870 in
762 2805 942 2870 nemoribus
972 2807 1129 2869 dictorum
1157 2803 1394 2869 moueoborum.
1436 2805 1583 2868 Preteree
1608 2804 1643 2868 in
1671 2826 1789 2870 reeom-

425 2938 611 3019 peneotione
630 2937 787 3000 dictorum
807 2936 1015 3017 dampnorum
1033 2935 1217 3016 peeobimus
1230 2935 1313 2998 inlro
1325 2934 1495 2999 terminum
1513 2935 1607 2998 dietis
1627 2937 1793 3001 monacbis

428 3069 594 3150 sexaginte
625 3087 759 3132 meroes.
822 3068 864 3129 In
891 3067 994 3149 primo
1022 3084 1107 3129 enno
1136 3065 1281 3129 videlieet
1314 3064 1355 3128 ed
1388 3064 1505 3128 loetum
1536 3066 1644 3130 Soneti
1676 3069 1697 3129 J
1699 3086 1795 3130 soom

427 3199 562 3280 spostoli
591 3197 701 3262 desem
727 3217 852 3262 meroes
872 3205 904 3261 et
924 3197 965 3261 ed
992 3198 1109 3260 testum
1137 3197 1279 3260 omnium
1310 3195 1498 3261 debetorum
1525 3215 1658 3279 sequens
1687 3199 1797 3264 deoem

427 3347 551 3420 meroes
571 3329 665 3390 simili
684 3329 778 3391 modo
798 3327 936 3391 seeundo
956 3336 989 3391 et
1009 3329 1106 3393 letoio
1126 3345 1221 3391 enno.
1265 3327 1298 3392 si
1318 3343 1393 3389 vero
1405 3327 1446 3390 de
1459 3326 1551 3392 nobis
1570 3328 1691 3392 limitus
1712 3333 1794 3395 inire

428 3459 549 3520 dietum
569 3464 694 3538 tempus
718 3457 885 3538 oonfigerit
913 3457 1045 3522 heredes
1064 3465 1097 3522 et
1117 3457 1211 3522 emiei
1230 3457 1332 3520 nostri
1360 3457 1479 3521 dietum
1507 3459 1673 3540 psouniom
1704 3461 1798 3528 dietis

429 3587 522 3652 terrie
540 3587 706 3650 moneobis
725 3587 874 3668 prediotis
894 3588 1028 3651 fideliter
1047 3588 1216 3668 peosbuut.
1258 3587 1393 3668 Insuper
1412 3595 1520 3652 sutem
1539 3607 1598 3652 nos
1611 3595 1644 3652 et
1664 3591 1799 3656 heredes

429 3718 530 3782 nostri
549 3716 680 3799 singulis
700 3717 792 3780 suuis
806 3717 977 3781 odientem
997 3717 1106 3782 deuoti
1126 3717 1262 3780 mmm
1283 3715 1419 3798 apostoli
1437 3717 1548 3798 viginti
1567 3721 1685 3784 solidos
1706 3723 1799 3788 dietis

430 3849 596 3914 mensebis
624 3848 752 3912 nomine
781 3849 922 3912 redditus
950 3850 1108 3913 solvemus
1127 3849 1161 3912 in
1174 3855 1377 3930 perpetuum.
1418 3831 1550 3913 Necnon
1570 3859 1603 3914 st
1621 3855 1800 3933 predictum

429 3981 587 4046 redditum
606 3998 701 4062 quem
719 3999 777 4060 pro
796 3977 952 4061 prioribus
971 3979 1118 4061 dampnis
1138 3977 1327 4059 supradietis
1355 3979 1520 4043 moneobis
1546 4000 1567 4043 s
1586 3983 1679 4045 nobis
1699 3985 1798 4051 illotis

429 4111 470 4176 ed
482 4109 600 4174 festum
614 4107 723 4173 deuoti
736 4107 923 4172 Mrossnms
935 4107 1065 4170 reddere
1077 4107 1296 4171 oonsnevimue
1309 4106 1474 4172 reddemus
1486 4116 1581 4190 prout
1592 4117 1679 4175 uerte
1694 4123 1802 4180 nostre

432 4259 511 4324 ques
531 4239 649 4304 eisdem
676 4237 843 4302 mensebis
871 4237 1001 4300 ferimus
1031 4242 1191 4300 testentur
1209 4243 1243 4301 st
1262 4237 1324 4301 boo
1344 4239 1487 4302 similiter
1511 4239 1571 4303 sub
1594 4260 1678 4322 pens
1706 4247 1803 4310 nnius

432 4388 539 4432 moros
556 4368 618 4431 uisi
638 4367 715 4431 dieti
734 4367 875 4430 redditus
895 4386 916 4430 o
935 4365 1027 4432 uobis
1045 4374 1079 4430 et
1098 4365 1265 4431 heredibus
1284 4369 1402 4433 nostfis
1421 4369 1504 4434 inire
1528 4371 1717 4454 quindeoem
1734 4377 1804 4441 diss

434 4519 454 4560 e
481 4495 575 4559 dietis
607 4497 699 4560 terris
731 4497 952 4578 inperpetuum
984 4495 1101 4560 fuerint
1132 4496 1293 4578 persoluti.
1333 4497 1515 4562 Jurorimus
1545 4499 1675 4583 iusuper
1705 4523 1805 4588 supet

435 4633 637 4692 esoroesnote
655 4626 787 4693 sorbeis
799 4625 840 4696 de
854 4625 996 4694 mrem
1016 4625 1100 4710 quod
1120 4645 1283 4711 uunquam
1302 4645 1361 4694 uos
1380 4647 1439 4694 ree
1458 4599 1602 4698 homiues
1618 4635 1725 4700 nostri
1743 4655 1804 4702 use
