3986 5502
442 691 500 754 146

400 991 586 1059 Mremnms
605 1009 662 1074 pro
682 991 826 1056 omnibus
846 992 982 1058 servitiis
1002 993 1134 1078 querelis
1155 993 1248 1060 sentis
1268 993 1425 1058 turiurum
1443 992 1572 1058 heristis
1591 991 1714 1057 releviis
1727 997 1760 1056 at

402 1141 460 1203 pro
472 1121 618 1184 omnibus
632 1121 823 1184 secularibus
842 1121 1015 1186 demendis.
1057 1123 1119 1186 Pro
1131 1122 1193 1186 hiis
1206 1129 1313 1186 autem
1332 1120 1501 1186 donatione
1521 1121 1720 1185 concessione
1732 1126 1765 1184 et

401 1257 488 1316 astte
501 1271 571 1316 mee
591 1251 830 1314 eonfirmaeiom
849 1251 928 1314 mihi
946 1251 1033 1315 dedit
1052 1252 1210 1334 prediatus
1231 1253 1322 1316 Mmo
1350 1252 1558 1334 quadraginta
1576 1249 1693 1314 solidos
1712 1269 1759 1314 ar·

400 1381 487 1463 genti
506 1381 540 1444 iu
561 1380 781 1460 reeognitione.
823 1383 890 1460 Ego
915 1399 988 1444 vero
1012 1379 1171 1461 prediatus
1196 1381 1414 1445 Wmummrus
1444 1379 1528 1444 filius
1556 1380 1684 1444 Rosam
1708 1397 1761 1442 an·

400 1511 489 1592 eupis
519 1517 551 1574 et
581 1510 712 1572 heredes
744 1511 807 1572 mei
834 1513 885 1575 vel
914 1511 1065 1592 assignati
1096 1513 1159 1576 mei
1183 1511 1323 1593 predicto
1357 1512 1482 1576 tunam
1507 1512 1547 1575 de
1573 1511 1702 1576 Rursus
1727 1517 1760 1574 et

400 1641 567 1705 heredibus
591 1641 641 1704 vel
671 1641 837 1722 assignatis
863 1641 928 1706 suis
953 1649 1055 1706 toturn
1080 1643 1256 1724 predictum
1280 1649 1495 1708 tenementum
1521 1662 1594 1706 eum
1618 1641 1763 1706 omnibus

398 1769 547 1852 predictis
566 1769 766 1851 pertinenciis
785 1771 850 1833 auia
861 1790 919 1851 pro
932 1771 1071 1852 predicto
1091 1771 1215 1836 redditu
1235 1771 1408 1836 seeundum
1427 1771 1559 1836 formam
1571 1771 1605 1832 iu
1618 1771 1763 1834 omnibus

399 1899 604 1982 prescriptam
623 1905 734 1962 eontra
753 1919 863 1962 omnes
882 1905 992 1981 gentes
1005 1901 1039 1962 in
1058 1907 1243 1982 perpetuum
1264 1901 1539 1964 warantizabimus
1558 1900 1760 1964 defendemus

401 2037 434 2094 et
455 2028 711 2110 eaquietsbimus.
753 2031 795 2090 Et
815 2034 852 2090 ut
871 2048 943 2090 mea
962 2028 1092 2092 donatio
1120 2030 1280 2093 eenaessio
1300 2038 1333 2094 et
1352 2037 1438 2094 esrte
1464 2050 1534 2093 mee
1560 2029 1760 2094 mnfirmaeio

400 2167 469 2224 rate
490 2165 522 2222 et
543 2158 672 2222 stabiles
691 2158 725 2220 in
738 2165 898 2238 posterum
918 2166 1125 2238 permaneant
1144 2159 1227 2222 hano
1247 2167 1426 2240 presentem
1447 2165 1568 2222 cartam
1588 2159 1679 2240 sigilii
1698 2158 1761 2222 mai

402 2288 606 2371 impressione
626 2285 778 2350 roboravi.
833 2287 905 2348 Hiis
926 2287 1060 2350 testibus
1079 2287 1206 2350 domiuo
1226 2289 1392 2352 Wsurnno
1412 2289 1451 2352 de
1473 2289 1592 2352 Susam
1630 2288 1758 2351 domino

400 2421 555 2484 Renum
568 2417 607 2480 de
623 2417 754 2480 &unas
794 2415 991 2479 Wmummso
1004 2416 1043 2478 de
1057 2417 1172 2478 Rssur
1211 2417 1366 2480 Rosssro
1387 2417 1480 2481 Gonu
1514 2418 1681 2480 Gaursmo
1694 2417 1760 2480 filio

402 2549 505 2612 Prsar
554 2549 712 2612 Pamisus
748 2547 930 2612 Tsunaouu
976 2547 1173 2613 Wmnmurre
1198 2549 1359 2612 snum
1413 2547 1572 2616 insilio
1602 2549 1762 2612 Daremma

402 2679 497 2744 Brun
517 2687 550 2744 et
571 2677 650 2744 aliis.

1016 2953 1156 3020 CLXVI.

808 3081 945 3149 chaus
965 3081 1193 3148 WHsIrEIrMI
1213 3081 1361 3149 Purus).

866 3213 970 3294 [dnm
993 3214 1120 3278 cuens:
1142 3213 1192 3276 24.
1213 3213 1301 3294 Μ]
1426 3213 1429 3218 “

441 3341 594 3406 Ommbus
615 3341 730 3406 Christi
749 3342 893 3407 fidehbus
913 3342 954 3406 ad
973 3362 1051 3424 quoe
1072 3343 1132 3406 hoe
1150 3362 1280 3423 presens
1300 3343 1449 3424 seriptum
1469 3343 1645 3424 pervenerit
1675 3345 1761 3408 Wra-

399 3489 528 3535 mumrue
548 3472 658 3534 Psmo
672 3471 753 3534 filius
769 3473 943 3536 Wmuunm
957 3472 996 3535 de
1010 3473 1136 3534 Ausum
1156 3473 1337 3534 salutemin
1351 3473 1497 3536 Domino.
1538 3475 1696 3538 Noveritis
1709 3494 1760 3537 me
1857 3517 1861 3524 ·

402 3600 592 3664 eonoeesisse
606 3599 762 3661 remisisse
776 3605 807 3662 et
819 3620 876 3680 pro
889 3621 940 3662 me
954 3607 987 3662 et
1000 3599 1166 3662 heredibus
1179 3600 1258 3662 meis
1271 3601 1321 3662 vel
1334 3601 1502 3682 assignatis
1521 3602 1600 3664 meis
1621 3603 1759 3683 quietum

401 3731 555 3802 clamasse
569 3728 694 3792 Mmour
707 3727 746 3788 de
760 3727 864 3792 Ratun
877 3737 910 3792 et
923 3728 1089 3806 heredibus
1109 3729 1174 3792 suis
1186 3729 1236 3791 vel
1250 3729 1418 3810 assignatis
1438 3731 1503 3792 eruis
1523 3737 1624 3794 totam
1645 3739 1762 3796 terram

402 3860 560 3942 jacentem
582 3861 702 3938 [super]
724 3860 861 3922 crtum
880 3859 914 3921 in
940 3858 1030 3922 feodo
1050 3858 1090 3920 de
1111 3858 1221 3922 Cossu
1241 3877 1336 3939 quam
1340 3905 1454 3923 .........
1456 3861 1541 3924 dieto
1561 3862 1686 3925 Mmoru
1706 3883 1762 3943 per

401 3998 524 4054 cartam
544 4007 635 4052 suam
654 4007 710 4078 pro
731 3993 853 4067 septem
873 3988 981 4052 solidis
1000 3987 1034 4050 in
1047 3987 1250 4068 premanibue
1269 3988 1403 4068 pagetis.
1444 3989 1625 4054 Tenendum
1648 3998 1680 4054 et
1702 3993 1758 4056 ha

400 4122 536 4186 bendam
553 4137 611 4202 pru
631 4137 681 4181 me
695 4123 728 4180 et
740 4115 907 4179 heredibus
926 4117 1005 4180 meis
1024 4116 1074 4180 vel
1094 4115 1262 4196 assignetis
1282 4117 1360 4180 mais
1385 4117 1480 4182 libere
1506 4119 1610 4199 quiete
1629 4121 1760 4200 pauidas

403 4253 523 4333 integre
538 4257 570 4314 et
583 4247 769 4312 hereditarie
782 4247 816 4308 in
828 4253 1013 4328 perpetuum
1034 4231 1101 4310 sine
1122 4247 1226 4327 aliquo
1246 4248 1452 4310 retenimento
1471 4249 1534 4310 mei
1546 4249 1597 4313 vel
1609 4269 1760 4315 meorum.

404 4381 560 4444 Faeisndo
573 4379 647 4443 inde
667 4377 832 4440 annuatim
844 4377 911 4458 ipse
925 4383 957 4440 et
970 4375 1100 4440 heredes
1114 4377 1162 4439 sui
1175 4378 1225 4440 vel
1239 4377 1391 4458 assignati
1404 4377 1452 4441 sui
1465 4378 1605 4441 debitum
1625 4381 1763 4445 serviciis

404 4510 472 4600 ejus
493 4511 677 4587 capitalibus
703 4516 859 4589 quantum
878 4505 919 4569 ad
939 4506 1056 4568 dietam
1081 4513 1198 4570 terram
1223 4507 1392 4586 pertinent.
1434 4510 1476 4570 Et
1496 4509 1570 4589 quia
1589 4509 1659 4572 volo
1679 4512 1764 4592 qnod

409 4659 466 4722 ego
486 4637 643 4720 predictus
663 4637 866 4702 Wmuuuuus
880 4641 912 4700 et
926 4633 1057 4700 heredes
1075 4635 1136 4699 mai
1150 4635 1201 4699 vel
1215 4633 1367 4714 assignati
1385 4633 1447 4699 mai
1466 4654 1576 4700 versus
1588 4635 1766 4717 prfflotum
