3986 5502
451 727 509 790 136

406 1035 548 1111 tempore
568 1026 776 1092 ocmcmionis
795 1025 989 1108 presentium
1008 1041 1067 1090 nec
1079 1023 1127 1090 illi
1139 1023 1178 1090 ds
1193 1023 1436 1091 Samcnnrrnn
1456 1023 1600 1090 omnint
1619 1024 1673 1108 qni
1692 1031 1767 1090 sunt

403 1181 476 1225 onm
496 1159 618 1224 Oomite
638 1179 711 1223 cnm
730 1159 835 1240 predis
848 1165 880 1223 et
893 1158 1020 1224 familiis
1040 1157 1213 1223 ascendant
1227 1158 1268 1221 ad
1280 1158 1468 1221 morandum
1481 1155 1762 1220 etinhabitandnm

407 1289 550 1376 saperius
567 1287 687 1353 aiacis
707 1288 820 1371 qnibns
839 1287 1027 1353 habitabant
1047 1294 1187 1368 tempore
1207 1286 1415 1351 contencionis
1434 1287 1637 1368 presentium.
1679 1285 1766 1348 Dicti

403 1439 478 1486 vero
496 1419 611 1501 prelati
629 1419 818 1500 promittunt
839 1418 922 1502 quod
941 1419 1061 1482 dictum
1086 1423 1226 1482 castrnm
1250 1437 1316 1481 non
1336 1416 1433 1480 exibit
1452 1416 1492 1480 de
1511 1415 1658 1480 maestos
1685 1415 1765 1496 regis

403 1547 503 1611 donec
523 1547 563 1610 de
582 1546 789 1611 contencione
808 1547 962 1610 dictorum
981 1548 1132 1611 nobilium
1161 1547 1288 1629 justicia
1316 1553 1501 1628 competens
1530 1545 1714 1608 exhibeatur
1732 1545 1766 1607 in

402 1679 504 1743 {orma
522 1684 698 1760 pretaxate.
740 1677 935 1740 Promittant
964 1677 1064 1740 eciam
1083 1697 1118 1740 se
1138 1684 1298 1741 curaturos
1325 1676 1409 1759 qnod
1433 1677 1579 1740 dominns
1604 1677 1673 1739 Rex
1692 1695 1765 1740 oon·

405 1807 542 1872 firmabit
563 1807 798 1871 ordinacionem
817 1806 991 1887 predictam
1010 1825 1067 1887 per
1086 1806 1194 1870 literas
1215 1825 1291 1870 snas
1320 1813 1477 1887 patentes.
1518 1807 1563 1869 Et
1582 1827 1765 1890 quecunque

402 1939 541 2022 partium
559 1939 643 2002 hano
663 1938 897 2001 ordinacionem
916 1938 1076 2020 infregerit
1095 1937 1130 2000 in
1148 1944 1239 2020 parte
1259 1937 1310 2000 vel
1322 1937 1356 2000 in
1370 1943 1438 2000 toto
1458 1943 1571 2000 contra
1589 1939 1764 2001 communis

401 2069 475 2152 paci
493 2069 628 2132 formam
647 2068 771 2132 venisse
791 2068 994 2150 intelligatur.
1036 2071 1079 2132 Et
1100 2069 1173 2131 licet
1194 2068 1290 2150 aliqui
1309 2068 1449 2134 latrones
1475 2067 1526 2132 vel
1545 2069 1764 2134 malefactores

402 2199 534 2263 iecerint
554 2198 720 2262 latrocinia
740 2205 796 2261 ant
817 2198 895 2261 alias
916 2197 1181 2279 transgressiones
1200 2218 1239 2261 ex
1260 2197 1397 2261 alternta
1424 2205 1515 2280 parte
1542 2199 1764 2266 nichilominus

402 2329 489 2392 diota
515 2327 674 2394 ordinacio
693 2328 728 2390 in
747 2347 805 2392 sno
833 2327 943 2392 robore
970 2329 1096 2392 durabit
1122 2336 1155 2392 ct
1181 2329 1445 2410 transgressiones
1474 2329 1681 2394 emendentur
1707 2351 1764 2414 per

316 2463 320 2476 '
400 2457 686 2523 consideracionem
714 2457 883 2538 proborum
909 2457 1047 2522 virorum
1074 2456 1157 2520 inter
1186 2476 1265 2539 qnas
1289 2463 1391 2521 terras
1419 2457 1591 2520 secundnm
1619 2459 1703 2542 leges
1731 2467 1764 2525 et

399 2586 645 2652 eonsuetudines
671 2587 811 2669 porciam
840 2587 974 2651 illarnm.
1017 2585 1194 2669 sopradicti
1213 2588 1341 2670 quidem
1361 2588 1497 2670 episcopi
1521 2591 1648 2654 nomine
1669 2593 1764 2674 Regis

398 2719 482 2784 diem
502 2719 543 2782 ad
567 2718 726 2801 justiciam
752 2718 961 2799 recipiandam
982 2724 1015 2781 et
1040 2711 1216 2782 faciendam
1235 2720 1269 2782 in
1288 2719 1391 2782 forma
1419 2721 1561 2801 predicta
1580 2741 1673 2802 snper
1692 2743 1762 2804 pre-

397 2848 504 2914 missis
517 2847 709 2930 quindenam
729 2847 847 2910 scilicet
855 2853 927 2928 post
940 2846 1057 2909 testum
1071 2846 1119 2910 Sti
1132 2847 1153 2910 J
1153 2865 1292 2910 onsrrrs
1311 2846 1448 2929 baptiste
1468 2850 1609 2928 proximo
1622 2851 1763 2916 futuram

396 2977 482 3060 parti
501 2977 655 3058 Principis
676 2977 717 3040 ad
736 2977 852 3040 vadum
877 2977 1007 3039 Mennis
1038 2976 1170 3038 Gonnnr
1189 2977 1229 3039 de
1248 2978 1411 3040 voluntate
1432 2984 1465 3041 et
1478 2999 1633 3042 consensu
1661 2981 1761 3062 ipsius

396 3109 551 3192 Principis
564 3107 815 3189 assignaverunt.
857 3106 897 3167 In
926 3123 1059 3186 quornm
1089 3106 1230 3168 omnium
1260 3107 1476 3170 testimoninm
1501 3109 1584 3188 parti
1603 3113 1760 3191 presentis

394 3239 570 3322 cirographi
589 3236 766 3302 remanenti
784 3255 882 3318 penas
902 3235 1079 3316 Principem
1099 3235 1237 3316 episcopi
1255 3237 1369 3317 prefati
1388 3257 1445 3318 pro
1474 3239 1559 3318 Rege
1580 3259 1639 3302 sua
1658 3241 1761 3321 sigilla

395 3374 609 3452 apposuerunt
629 3366 711 3448 parti
730 3385 805 3429 vero
823 3385 921 3445 penes
941 3366 1102 3447 episcopos
1122 3366 1300 3429 remanenti
1320 3367 1422 3447 sigilla
1440 3367 1637 3431 dominorum
1652 3373 1761 3436 Drvrn

394 3499 452 3563 filii
471 3499 624 3561 omem
643 3502 676 3559 et
696 3496 848 3558 Garrnnn
867 3494 924 3556 filii
944 3496 1072 3558 Gnnrn'
1093 3514 1150 3575 pro
1178 3495 1322 3576 Principe
1343 3503 1418 3559 sunt
1447 3518 1596 3579 appensa.
1638 3501 1760 3565 Datum

397 3634 559 3710 etactnm
571 3624 732 3689 incastris
751 3625 844 3704 juxta
863 3624 1025 3686 Kannsms
1037 3624 1071 3685 in
1086 3626 1416 3688 commemmoraoione
1437 3628 1623 3694 animarum.
1665 3633 1760 3698 Anno

394 3759 497 3848 grado
518 3754 687 3824 Millesimo
707 3753 814 3820 Oc’mo
834 3755 1065 3838 septuagesimo
1083 3756 1195 3840 primo.

1001 4135 1160 4228 cnm,

814 4265 1095 4332 cremonen
1117 4267 1336 4334 ransom.

903 4401 1013 4479 [aso.
1036 4397 1089 4464 Ur
1111 4399 1248 4480 Sum]

333 4574 338 4583 .
434 4525 503 4590 Rex
516 4525 663 4591 Broanno
676 4526 766 4591 tratri
776 4545 833 4592 sno
846 4527 993 4592 salntem.
1035 4527 1115 4592 oum
1128 4529 1327 4596 annnnsm
1339 4533 1423 4598 filins
1437 4535 1589 4602 emm
1608 4541 1761 4626 Princeps

393 4657 531 4726 Wanm
551 4657 693 4722 clamans
713 4655 828 4723 habere
847 4657 899 4738 ins
919 4655 952 4722 in
972 4655 1036 4723 sitn
1055 4663 1089 4722 et
1107 4658 1219 4740 plaesa
1238 4660 1335 4726 castri
1355 4663 1399 4729 G:
1421 4663 1461 4730 ds
1489 4666 1599 4734 Graan
1624 4671 1760 4738 Comitis
