3986 5502
394 671 435 735 94

354 973 440 1038 idem
460 988 564 1034 comes
585 970 753 1053 appellavit
774 988 845 1033 eum
860 969 898 1032 de
913 968 1093 1033 seductione
1115 967 1215 1032 eidem
1235 966 1342 1030 comiti
1362 967 1493 1030 iectast
1508 963 1637 1047 depece
1657 983 1716 1032 sun

355 1111 389 1166 et
410 1104 476 1184 ipse
498 1121 601 1166 comes
622 1121 679 1164 nee
701 1101 812 1182 uliquis
833 1101 913 1164 elius
933 1102 966 1163 in
987 1120 1082 1182 regno
1102 1099 1210 1180 tpossit
1239 1100 1302 1162 tole
1324 1100 1489 1180 {appellum
1519 1099 1634 1162 hebere
1654 1100 1716 1161 nisi

351 1251 469 1313 corpus
497 1232 602 1312 Regis.
654 1199 749 1293 Petiit
788 1230 938 1310 judicium
960 1230 987 1292 ei
1009 1229 1116 1292 debuit
1143 1229 1201 1292 tuli
1232 1229 1354 1310 uppello
1384 1229 1581 1310 respondere.
1629 1230 1715 1292 Item

357 1361 479 1426 desiout
499 1360 583 1423 idem
603 1379 707 1422 comes
733 1359 903 1438 appellavit
934 1377 1006 1420 eum
1025 1358 1065 1420 de
1092 1357 1241 1439 predictis
1269 1341 1386 1420 felonis
1406 1363 1438 1420 et
1459 1358 1627 1422 traditione
1658 1376 1718 1439 que

358 1490 388 1554 ei
400 1491 468 1553 fieri
488 1490 637 1552 deberent
651 1495 682 1550 et
696 1488 735 1551 de
749 1488 878 1550 coneilio
900 1506 957 1550 suo
978 1486 1173 1567 discooperto
1187 1492 1219 1550 et
1242 1475 1282 1550 de
1304 1506 1460 1550 consensu
1479 1487 1564 1551 lucto
1584 1489 1718 1552 inimicis

358 1621 424 1682 suis
445 1625 477 1681 et
497 1620 557 1680 hoc
576 1624 707 1698 paratus
727 1616 787 1678 init
806 1617 938 1696 prebere
959 1636 1015 1695 per
1033 1615 1189 1706 predictos
1221 1618 1420 1680 Surrentum
1445 1624 1478 1680 et
1497 1620 1640 1681 Tuom
1660 1639 1719 1682 neo

358 1751 425 1831 ipse
447 1748 612 1811 dicebatur
634 1748 668 1809 in
693 1747 816 1826 appello
837 1765 893 1808 suo
925 1765 983 1806 neo
1007 1745 1075 1826 ipse
1095 1745 1134 1807 de
1166 1746 1276 1808 auditu
1296 1754 1329 1809 et
1349 1749 1418 1810 visu
1438 1769 1497 1811 neo
1517 1750 1642 1831 quando
1662 1771 1721 1814 nec

357 1899 420 1962 quo
440 1879 490 1940 die
511 1896 568 1941 neo
589 1896 652 1958 que
670 1876 751 1938 hore
769 1895 827 1936 neo
847 1874 901 1936 ubi
921 1893 979 1937 nec
999 1894 1161 1956 perquem
1180 1895 1238 1939 noc
1257 1877 1296 1939 de
1310 1879 1422 1959 quibus
1442 1881 1534 1943 rebus
1555 1882 1719 1944 consilium

358 2010 437 2072 illud
462 2008 709 2089 discooperuisse
738 2005 846 2068 debuit
866 2025 924 2066 nee
945 2024 1134 2068 consensum
1163 2006 1253 2068 illum
1272 2006 1383 2070 iecisse
1411 2028 1475 2070 non
1506 2009 1670 2072 videbatur
1690 2011 1720 2072 ei

360 2141 444 2222 quod
471 2139 579 2202 debuit
601 2139 658 2200 teli
679 2137 802 2218 appello
827 2137 1024 2216 respondere.
1067 2137 1161 2200 Unde
1181 2138 1215 2199 in
1235 2139 1383 2218 predictis
1414 2140 1550 2220 quinque
1580 2141 1720 2204 articulis

360 2290 439 2353 quoe
452 2271 487 2333 in
500 2269 702 2350 responsione
725 2287 784 2331 sus
803 2267 836 2328 in
856 2268 943 2329 curie
962 2266 1104 2347 predicte
1123 2269 1285 2348 proposuit
1299 2275 1335 2331 ut
1348 2269 1461 2331 melius
1482 2290 1574 2333 suum
1592 2278 1625 2334 et
1638 2271 1721 2352 quod

358 2404 472 2466 melius
492 2402 578 2464 dictu
597 2401 683 2464 euris.
703 2400 830 2462 obviate
849 2399 908 2462 luit
922 2398 963 2461 ud
993 2399 1220 2462 recordandum
1250 2400 1354 2463 dictus
1384 2359 1550 2464 chrsous
1575 2401 1722 2465 emendet

358 2532 522 2598 recordum
540 2528 629 2592 illud.
670 2529 714 2592 Et
728 2529 812 2610 quod
823 2529 871 2590 ite
884 2529 925 2590 eit
938 2547 995 2608 per
1013 2547 1113 2590 unum
1133 2529 1313 2592 audientem
1327 2537 1359 2592 et
1372 2549 1472 2592 unum
1491 2531 1719 2612 intelligentem

342 2664 494 2730 ,scilicet
509 2663 672 2726 Rcuururr
687 2659 733 2736 de
756 2659 812 2722 Sto
842 2659 1045 2721 Pummnnro
1066 2666 1098 2722 et
1120 2660 1315 2722 Meumcrurr
1343 2662 1372 2723 le
1394 2662 1486 2724 Gerr
1515 2671 1645 2742 peretur
1672 2672 1721 2727 est

360 2793 519 2858 verificare
540 2809 619 2873 quos
638 2796 800 2871 presentes
821 2795 896 2850 sunt
917 2795 949 2850 et
970 2789 1080 2852 stetim
1099 2789 1192 2852 simul
1212 2809 1285 2852 cum
1303 2789 1444 2870 predicto
1465 2791 1724 2875 B1emn0euper

360 2928 562 2988 sacrosancte
580 2920 641 2982 hoo
660 2921 844 3000 juraverunt
864 2924 896 2981 et
916 2918 992 2980 dicit
1012 2918 1095 2999 quod
1108 2920 1161 2982 ubi
1174 2919 1315 3001 predicta
1335 2922 1421 2985 curie
1440 2924 1621 2985 recordetur
1640 2925 1724 3006 quod

361 3053 465 3116 dictus
486 3051 651 3115 Rromom
673 3051 808 3114 Srweun
825 3049 965 3130 predicto
985 3049 1092 3113 comiti
1112 3051 1287 3114 manerium
1308 3071 1400 3114 suum
1412 3052 1451 3114 de
1465 3053 1676 3118 Lmenmnnn
1691 3065 1724 3118 et

363 3203 474 3248 omnes
501 3190 602 3246 terres
623 3200 697 3244 suus
718 3187 750 3242 et
770 3186 910 3243 oestrum
931 3198 1023 3242 suum
1042 3179 1086 3241 ibi
1105 3181 1188 3243 mole
1208 3182 1390 3244 recordetur
1410 3183 1484 3264 quie
1503 3183 1664 3263 predictus
1684 3187 1722 3249 B.

365 3313 500 3378 trumo
513 3310 593 3375 nihil
614 3310 742 3374 tradidit
756 3309 857 3372 eidem
877 3309 985 3372 comiti
1006 3309 1068 3372 nisi
1090 3311 1191 3372 solum
1211 3331 1324 3391 corpus
1344 3313 1439 3375 uestri
1452 3313 1501 3376 sni
1515 3316 1610 3378 solvis
1623 3316 1724 3378 eidem

364 3443 510 3506 R1onnn0
529 3431 674 3503 omnibus
695 3439 765 3501 eliis
785 3439 867 3501 siout
886 3445 975 3520 putet
996 3439 1030 3501 in
1051 3439 1166 3520 scripto
1197 3441 1298 3522 sigillo
1327 3442 1426 3524 ipsius
1457 3443 1581 3508 comitis
1601 3445 1725 3526 signeto

365 3569 448 3654 qnod
476 3568 594 3650 profert
624 3573 657 3630 st
685 3567 769 3647 quod
793 3567 853 3629 hoo
873 3573 1019 3630 testetur.

405 3699 490 3762 Item
509 3696 874 3778 praetermittimus
893 3696 1067 3779 dicitquod
1087 3707 1199 3763 contre
1216 3700 1393 3781 predictum
1405 3703 1568 3766 reeordum
1582 3711 1614 3767 et
1627 3705 1724 3785 judic·

364 3830 431 3894 ium
451 3835 484 3892 et
504 3825 587 3909 quod
606 3825 693 3888 dicte
712 3825 799 3888 curie
828 3826 945 3906 injuste
975 3830 1126 3908 processit
1146 3829 1187 3892 ud
1206 3831 1385 3894 iaciendum
1404 3833 1468 3895 tulo
1487 3833 1638 3914 judicium
1659 3855 1723 3898 sec·

364 3958 486 4022 undum
502 3955 678 4020 recordum
705 3955 881 4035 predictum
901 3961 934 4018 et
954 3956 1037 4037 quod
1056 3957 1090 4018 in
1110 3957 1220 4020 eudem
1245 3959 1332 4022 omis
1351 3960 1466 4023 falsum
1485 3962 1605 4024 lectum
1625 3971 1674 4026 est
1694 3965 1724 4028 ei

364 4087 515 4170 iudicium
534 4085 608 4168 quie
627 4090 695 4148 tem
713 4083 872 4166 predictus
891 4104 997 4147 comes
1017 4084 1223 4166 personaliter
1242 4087 1411 4168 appelluvit
1431 4109 1504 4152 eum
1523 4091 1563 4154 de
1582 4093 1725 4173 predicto

363 4219 481 4282 ieloniu
499 4225 532 4280 et
552 4216 613 4280 hoc
632 4222 762 4297 perotus
789 4215 849 4280 fuit
877 4214 1009 4297 probare
1027 4235 1084 4296 per
1102 4216 1260 4297 predictos
1281 4216 1313 4281 Β.
1344 4223 1377 4281 et
1406 4220 1548 4282 Tuom
1576 4227 1609 4285 et
1639 4220 1722 4284 idem

365 4365 471 4412 comes
490 4345 591 4427 primo
611 4352 736 4408 secutus
755 4345 994 4465 fuitleppellnm
1014 4345 1159 4410 suumin
1177 4346 1305 4427 propris
1322 4365 1458 4427 persone
1476 4355 1508 4412 et
1527 4357 1639 4430 postes
1658 4371 1723 4415 sec·

364 4474 440 4532 utus
467 4467 527 4530 fuit
555 4467 639 4529 idem
663 4466 820 4548 appellum
847 4478 904 4548 per
928 4473 1124 4530 attornatum
1153 4484 1246 4530 suum
1271 4466 1312 4530 ud
1332 4467 1504 4531 secundum
1534 4471 1662 4534 tertium
1689 4481 1723 4537 et

366 4602 514 4683 quartum
541 4595 726 4662 comitatum
756 4595 837 4660 siout
865 4562 1121 4677 cuns'prsdicrc
1148 4594 1330 4660 recordetur
1358 4577 1396 4662 et¹
1416 4597 1500 4681 quod
1527 4617 1584 4682 per
1604 4607 1724 4666 sectum
