3986 5502
415 727 473 792 122

372 1032 492 1095 decano
513 1029 760 1094 Christianitatis
780 1029 1007 1096 Lmnrvnrvsrs
1027 1035 1060 1094 et
1079 1029 1230 1112 magistro
1250 1029 1386 1094 Roenm
1406 1029 1445 1094 de
1466 1030 1661 1095 snrnsnere
1681 1029 1744 1094 cle·

371 1162 436 1224 rioo
455 1161 538 1226 vices
558 1162 706 1226 officiales
726 1162 844 1226 domini
869 1163 1095 1228 menevensis
1128 1163 1265 1246 episcopi
1294 1163 1473 1245 gerentibus
1493 1163 1527 1225 in
1548 1181 1645 1226 causa
1664 1169 1741 1226 tunc

371 1296 460 1356 mota
478 1292 562 1355 inter
581 1291 730 1355 abbatem
759 1299 792 1356 et
822 1261 1013 1356 conventum
1042 1293 1225 1356 monosterii
1254 1291 1302 1356 sti
1326 1293 1431 1356 Pnnnr
1451 1293 1681 1356 ononensrnn
1701 1311 1741 1356 ex

369 1429 461 1504 parte
480 1442 546 1486 una
565 1429 598 1486 et
618 1423 820 1487 abbatemet
850 1431 1040 1488 conventum
1068 1424 1108 1487 de
1136 1423 1279 1488 Maeona
1308 1443 1348 1488 ex
1378 1426 1479 1488 altera
1499 1445 1592 1506 super
1612 1425 1742 1490 decimis

369 1553 624 1634 provenientibus
643 1552 683 1616 de
702 1553 794 1617 terris
813 1553 985 1618 eorundem
1004 1553 1128 1618 abbatis
1148 1559 1180 1618 et
1206 1561 1380 1618 conventus
1400 1555 1439 1618 de
1460 1555 1602 1620 mstis
1622 1556 1740 1619 consis-

369 1683 509 1747 tentibus
529 1683 563 1746 in
575 1684 725 1764 parochio
744 1685 874 1749 ecclesie
887 1685 926 1748 de
940 1685 1136 1748 nmmum«
1157 1684 1382 1749 minsvnssrs
1402 1684 1555 1770 dyocesis.
1598 1685 1659 1762 Qui
1672 1686 1738 1767 qni-

367 1815 441 1876 dem
459 1820 643 1896 procurator
662 1815 822 1879 humiliter
840 1835 878 1879 ac
898 1816 1055 1895 instanter
1082 1816 1173 1897 petiit
1192 1824 1229 1878 ut
1249 1816 1308 1897 ipsi
1338 1823 1412 1880 acte
1440 1815 1548 1897 judicii
1567 1835 1673 1880 coram
1693 1817 1741 1880 eie

366 1942 478 2006 habita
497 1943 530 2005 in
551 1963 648 2007 causa
666 1944 737 2025 ipsa
755 1952 823 2008 tem
843 1946 954 2009 eadem
967 1946 1017 2010 die
1031 1967 1126 2029 quem
1138 1947 1172 2010 in
1186 1947 1290 2028 vigilie
1308 1947 1395 2010 beati
1415 1947 1577 2010 Nronouer
1596 1948 1740 2028 proximo

366 2075 518 2157 preterita
535 2095 592 2156 per
612 2095 707 2158 quem
721 2095 818 2138 cauea
830 2075 900 2158 ipsa
918 2077 1133 2142 instruebatur
1153 2085 1185 2140 et
1205 2097 1353 2158 processu
1373 2079 1522 2160 temporis
1542 2080 1655 2142 instrui
1668 2087 1739 2161 pot

366 2215 435 2272 erat
455 2208 554 2290 redigi
573 2208 713 2271 iacerent
733 2207 768 2270 in
788 2208 1001 2272 auctenticam
1022 2208 1172 2288 scriptam
1191 2215 1225 2271 et
1245 2208 1356 2270 eadem
1376 2215 1449 2272 acta
1469 2209 1502 2271 in
1523 2210 1647 2291 seriptis
1668 2211 1738 2274 red-

365 2345 439 2405 acta
459 2339 571 2420 sigillis
592 2338 658 2402 suis
679 2338 840 2419 signarent
859 2344 896 2400 ut
916 2358 972 2419 per
987 2359 1026 2402 ea
1039 2339 1072 2400 in
1086 2339 1300 2402 auctenticam
1320 2339 1470 2419 scriptam
1490 2339 1620 2403 redacta
1639 2359 1739 2404 causa

362 2469 534 2537 eorundem
564 2470 689 2534 abbatis
708 2476 745 2532 et
763 2469 945 2534 conventus
966 2469 1005 2532 de
1032 2470 1175 2532 Mirans
1205 2489 1262 2550 pro
1293 2470 1362 2532 loeo
1391 2476 1423 2532 et
1450 2477 1591 2551 tempore
1621 2437 1744 2534 instrui

363 2601 464 2684 possit
493 2608 525 2664 et
555 2601 664 2664 vivari.
708 2601 763 2664 Set
782 2600 845 2680 ipsi
873 2600 1012 2662 deumne
1033 2605 1065 2663 et
1094 2601 1251 2664 Roonnus
1280 2586 1341 2662 hoc
1363 2601 1392 2662 ei
1412 2601 1515 2662 iacere
1542 2601 1662 2682 precise
1683 2601 1739 2664 de-

363 2737 519 2812 negarunt
532 2739 660 2812 propter
674 2729 757 2812 quod
770 2731 855 2793 idem
867 2736 1053 2848 procurator
1065 2729 1105 2792 de
1120 2729 1263 2792 Menneu
1276 2731 1403 2792 nomine
1418 2751 1475 2793 suo
1489 2737 1522 2792 et
1536 2731 1734 2794 dominorum

362 2882 491 2926 suorum
510 2862 722 2944 predictorum
742 2862 783 2926 ad
804 2861 912 2926 sedem
932 2862 1138 2943 apostolicam
1151 2861 1185 2923 in
1200 2861 1325 2942 scriptis
1345 2861 1515 2943 appellavit
1528 2867 1561 2923 et
1574 2861 1738 2942 apostolos

361 2993 519 3057 instanter
538 2991 630 3074 petiit
651 3011 731 3075 quos
750 2991 810 3072 ipsi
830 2990 970 3055 decanus
990 2997 1023 3054 et
1044 2991 1201 3055 Roennus
1220 2991 1323 3054 eidem
1342 2992 1536 3072 procuratori
1561 2991 1736 3054 concedere

357 3123 564 3204 denegarunt.
606 3122 788 3204 Requisitus
808 3122 848 3186 de
868 3121 948 3185 hora
968 3121 1030 3184 diei
1049 3121 1176 3204 quaudo
1207 3120 1268 3186 hoc
1297 3119 1418 3186 iactum
1446 3121 1516 3196 init,
1547 3120 1733 3203 dicitquod

359 3255 444 3318 circa
463 3253 575 3318 horam
595 3253 736 3317 terciam.
783 3252 966 3333 Reqnisitus
986 3251 1040 3334 qni
1059 3251 1187 3314 fuerunt
1215 3258 1389 3334 presentes,
1411 3251 1487 3314 dicit
1507 3251 1591 3333 qnod
1611 3251 1678 3334 ipse
1698 3257 1735 3316 et

357 3383 517 3464 predictus
538 3383 636 3446 irater
655 3383 833 3444 Pmnrrrue
846 3380 886 3444 de
900 3380 1084 3456 Lullivvelle,
1100 3388 1136 3444 et
1146 3383 1260 3445 iratres
1280 3382 1451 3446 deserens
1464 3381 1503 3444 de
1518 3382 1548 3445 N
1550 3400 1734 3458 ove-vmns,

359 3514 558 3579 wnnrnnus
580 3511 703 3576 &nune
743 3511 921 3574 anrrrus
944 3511 984 3574 de
1019 3511 1241 3576 Kannusnmn
1270 3513 1477 3576 monachide
1499 3513 1641 3576 Masona
1660 3533 1731 3577 meo

357 3643 455 3726 gister
476 3642 666 3714 Niononsus
686 3641 726 3705 de
747 3641 949 3706 Kmrnnosr
962 3641 1119 3724 phisicus,
1140 3642 1310 3708 Jomrvrns
1331 3645 1464 3707 Pennas
1484 3645 1505 3708 J
1506 3662 1653 3709 oneum
1674 3646 1731 3708 Du

357 3779 390 3840 et
410 3773 503 3837 multi
524 3772 577 3836 elii
597 3777 665 3836 tam
684 3772 789 3836 clerici
809 3793 905 3854 quem
918 3772 991 3838 laici
1005 3773 1058 3856 gui
1072 3773 1294 3838 consistorium
1314 3774 1378 3838 sint
1393 3795 1432 3838 ea
1445 3774 1505 3840 die.
1547 3776 1734 3858 Requisitus

357 3923 455 3987 qnare
476 3923 541 3968 non
560 3903 621 3966 init
634 3921 732 3968 cansa
751 3903 972 3985 appellationis
991 3903 1090 3986 ipsius
1109 3903 1192 3967 infra
1214 3923 1334 3966 annum
1354 3905 1526 3969 terminata
1546 3925 1568 3969 a
1589 3912 1732 3988 tempore

357 4034 578 4116 appellationis
597 4033 696 4116 ipsius
715 4033 910 4114 interposite,
932 4032 1008 4096 dicit
1028 4033 1112 4118 qnod
1131 4033 1192 4096 hoo
1220 4033 1312 4097 stetit
1329 4051 1387 4114 per
1411 4034 1531 4098 curiam
1552 4035 1730 4099 Romanam

357 4163 423 4229 sive
442 4183 500 4246 per
519 4164 651 4229 nuncios
671 4163 842 4227 eorundem
862 4181 942 4246 quoe
963 4163 1004 4226 ad
1024 4163 1159 4260 eandem
1178 4163 1299 4228 curiam
1323 4163 1476 4228 miserant
1496 4163 1538 4227 ad
1557 4164 1734 4247 impetrem

354 4296 432 4362 dum
452 4316 546 4378 super
566 4297 677 4360 eadem
697 4294 918 4378 appellatione,
939 4293 1093 4356 miserunt
1107 4293 1192 4356 enim
1205 4292 1364 4374 predictos
1384 4294 1517 4357 nuncios
1530 4313 1604 4358 euos
1617 4313 1732 4358 versus

352 4429 472 4492 curiam
492 4429 669 4492 Romanam
681 4426 763 4489 inira
782 4433 911 4489 octavae
929 4425 1063 4506 predicti
1084 4423 1194 4488 Sancti
1213 4424 1378 4488 Hrnnsm
1392 4432 1425 4488 et
1438 4427 1596 4488 neminem
1616 4445 1725 4490 eorum

356 4563 541 4638 receperunt
562 4565 637 4620 ante
657 4557 795 4638 vigiliam
814 4556 900 4620 beati
920 4557 1095 4622 Virronem
1125 4555 1264 4622 martiris
1293 4575 1376 4624 euno
1402 4555 1532 4622 Domini
1560 4556 1735 4620 millesimo

358 4687 574 4752 ducentesimo
605 4685 799 4768 sexagesimo
827 4685 966 4751 seeundo
986 4706 1025 4751 ec
1045 4685 1127 4770 qued
1158 4685 1301 4770 impediti
1331 4693 1423 4754 eraut
1442 4693 1478 4754 et
1497 4687 1644 4756 dicebant
1671 4705 1737 4772 per·
