3932 5498
468 782 528 868 ec

425 1095 568 1170 tempore
587 1100 651 1168 quo
669 1083 828 1168 predictus
848 1083 1018 1151 Jomsss
1037 1087 1128 1168 pater
1148 1099 1224 1150 suus
1244 1082 1321 1152 obiit
1341 1082 1401 1148 iuit
1420 1083 1601 1149 nesciturus
1620 1082 1705 1148 uude
1725 1101 1803 1148 curn
1823 1123 1830 1137 ·

426 1219 499 1300 ipsa
518 1217 654 1282 Ouum
672 1217 864 1300 percipiebat
884 1218 988 1299 ipsum
1008 1217 1098 1282 nesci
1117 1215 1252 1299 quesivit
1270 1235 1345 1281 eum
1363 1217 1410 1280 ite
1429 1215 1514 1299 quud
1541 1215 1664 1282 invenit
1694 1215 1803 1296 ipsum

427 1347 577 1412 heredem
596 1365 669 1410 cum
688 1347 863 1412 nutricibus
883 1347 949 1412 suis
970 1353 1060 1411 extre
1079 1347 1255 1429 predictum
1275 1347 1455 1410 Prioretum
1474 1351 1508 1410 et
1528 1351 1620 1410 extre
1649 1344 1804 1410 aeisinem

425 1477 558 1560 predicti
578 1477 711 1543 comitis
730 1484 762 1541 et
783 1478 858 1561 quie
876 1478 1062 1542 intendebat
1083 1477 1168 1561 quod
1186 1477 1335 1560 predicte
1355 1477 1494 1542 nutrices
1514 1477 1628 1541 ducere
1647 1475 1802 1541 solebant

428 1627 502 1672 eum
521 1613 613 1672 extre
631 1607 811 1672 Prioratum
830 1607 934 1689 ipsum
953 1607 1102 1671 heredem
1121 1606 1195 1671 iecit
1215 1605 1257 1671 ed
1276 1606 1379 1688 ipssrn
1398 1605 1472 1670 duci
1491 1611 1523 1668 et
1536 1604 1596 1669 iuit
1610 1605 1650 1670 de
1669 1622 1804 1686 corpore

428 1737 527 1819 ipsius
546 1735 671 1800 heredis
700 1737 823 1801 ratione
852 1737 986 1818 predicti
1015 1737 1191 1802 tenementi
1209 1736 1244 1800 iu
1264 1735 1381 1800 seirius
1400 1741 1433 1799 et
1454 1735 1539 1817 quod
1558 1735 1605 1800 ita
1625 1734 1667 1799 sit
1686 1740 1806 1815 perata

429 1873 479 1932 est
498 1866 657 1932 verificare
676 1872 771 1946 prout
792 1867 879 1930 curia
898 1867 1152 1931 considereverit.

429 1997 474 2060 us
493 1995 654 2078 praeces
673 1994 788 2059 comes
807 1994 884 2059 ures
904 1993 990 2077 quoe
1018 1994 1196 2076 pecussum
1224 1993 1426 2076 meetseren
1446 1993 1487 2059 eu
1507 1993 1611 2076 speum
1644 1967 1807 2076 mernere

427 2127 523 2192 debet
543 2124 666 2190 ratione
687 2123 851 2206 cujusdem
871 2123 1045 2191 tenementi
1064 2123 1098 2186 iu
1119 2123 1322 2188 emmonem
1342 2123 1427 2204 spud
1448 2123 1602 2190 emersu
1633 2125 1805 2189 Dossrurr

428 2257 470 2322 de
489 2273 528 2322 eo
548 2261 674 2320 tentum
694 2260 727 2318 et
747 2251 928 2335 dicitquod
958 2251 1087 2334 quidem
1116 2252 1283 2317 memus
1304 2251 1417 2316 Comes
1445 2253 1568 2320 Gnoso·
1599 2261 1692 2338 peter
1721 2274 1803 2319 suus

429 2387 490 2452 init
510 2385 637 2452 seisitus
656 2383 696 2449 ds
716 2401 845 2466 corpore
865 2382 999 2464 predicti
1018 2383 1145 2446 Tereum
1166 2383 1217 2447 esi
1235 2382 1368 2464 predicti
1388 2382 1513 2450 heredis
1532 2384 1581 2450 its
1599 2353 1683 2468 ¹qued
1708 2393 1807 2468 peter

422 2517 568 2601 predicte
598 2515 743 2581 Onerum
770 2513 875 2596 ipsum
905 2514 1080 2578 Rrossnurr
1101 2513 1258 2578 (tomitem
1288 2513 1495 2594 implscitarit
1521 2520 1555 2579 et
1574 2515 1808 2597 implecitendo

423 2649 508 2716 obiit
528 2653 561 2712 et
580 2651 724 2728 preterea
743 2645 902 2726 predictus
922 2644 1092 2709 tonsurus
1111 2643 1151 2706 de
1172 2649 1267 2708 etate
1288 2644 1446 2708 sexdecim
1476 2662 1633 2710 annorum
1660 2647 1807 2712 existens

432 2777 540 2844 adibat
561 2775 719 2860 quendem
747 2775 929 2840 Hunmomr
949 2774 989 2839 de
1010 2774 1246 2839 Moser-Foru
1265 2776 1320 2859 qui
1339 2776 1465 2858 quidem
1495 2777 1669 2842 Hurmuus
1698 2779 1809 2860 ipsum

431 2909 611 2974 somnus
630 2903 790 2971 maritavit
811 2903 938 2966 cuidam
957 2903 1190 2986 consanguinee
1210 2923 1266 2970 sue
1286 2911 1320 2968 et
1340 2906 1517 2970 cumidem
1541 2907 1712 2972 Jouerrrss
1734 2929 1807 2990 per-

431 3038 571 3106 vereret
585 3035 626 3101 ed
638 3036 768 3118 plenam
787 3039 916 3100 estatem
936 3032 1036 3098 adivit
1055 3033 1232 3114 predictum
1252 3035 1409 3100 comitem
1422 3042 1454 3100 et
1468 3037 1564 3099 finem
1582 3037 1658 3102 iecit
1679 3057 1758 3102 cum
1771 3057 1812 3104 uo

432 3189 489 3252 per
507 3169 661 3233 ducentes
681 3185 805 3230 merces
823 3182 883 3248 pre
902 3183 941 3229 so
961 3163 1046 3247 quod
1065 3164 1149 3228 idem
1177 3167 1346 3232 Jourrrsss
1367 3168 1526 3250 seipsum
1554 3168 1717 3233 meriturit
1739 3170 1811 3233 sine

431 3300 565 3366 licencia
583 3297 683 3380 ipsius
704 3301 842 3364 Oomrrs
861 3303 895 3360 et
914 3297 995 3379 petit
1024 3297 1177 3378 judicium
1206 3297 1328 3363 desicut
1357 3305 1449 3381 pater
1478 3299 1626 3381 predicte
1657 3301 1811 3365 creme

433 3429 641 3513 implscitevit
660 3429 837 3511 predictum
856 3413 1032 3492 Bruennurr
1053 3428 1206 3492 Oomrusrr
1226 3435 1348 3509 petrem
1362 3449 1455 3493 suum
1474 3429 1679 3511 supponendo
1700 3431 1812 3514 ipsum

433 3581 504 3626 esse
523 3561 557 3623 in
577 3559 694 3624 seisiua
713 3559 753 3623 de
772 3559 940 3640 maritagio
968 3557 1110 3640 predicto
1130 3565 1163 3622 et
1183 3558 1261 3624 obiit
1291 3559 1473 3640 plsoitundc
1493 3567 1525 3623 et
1545 3567 1690 3641 proteres
1720 3562 1813 3628 idem

434 3693 605 3758 Jonsrsrus
624 3688 709 3752 filius
728 3692 762 3752 et
781 3687 875 3750 heres
894 3687 963 3769 ejus
983 3687 1079 3751 finem
1099 3687 1174 3751 iecit
1194 3706 1267 3751 cum
1291 3688 1434 3770 predicto
1454 3689 1623 3754 Gmsusuo
1642 3707 1702 3772 pro
1722 3712 1811 3758 mar·

434 3822 532 3904 itagio
552 3819 694 3904 predicto
712 3838 769 3901 per
787 3819 946 3902 predictas
965 3818 1119 3884 ducentas
1138 3839 1262 3884 merces
1281 3827 1315 3885 et
1334 3827 1478 3903 preterse
1505 3820 1591 3886 idem
1610 3823 1726 3888 Comes
1749 3825 1814 3889 fuit

435 3957 470 4018 in
498 3951 615 4018 ssisiue
633 3950 674 4015 de
693 3968 825 4032 corpore
843 3949 977 4032 predicti
996 3949 1121 4014 heredis
1140 3957 1177 4014 ut
1196 3951 1373 4052 predictum
1403 3957 1452 4016 eet
1482 3970 1643 4035 quousque
1672 3954 1816 4034 predicti

436 4089 573 4154 Ouum
592 4090 625 4148 et
638 4082 692 4148 elii
711 4082 816 4163 ipsum
835 4079 983 4146 heredem
1002 4087 1174 4163 tepuerunt
1188 4080 1215 4146 si
1227 4081 1428 4163 msritegium
1446 4083 1622 4163 predictum
1642 4082 1683 4148 ed
1704 4085 1817 4166 ipsum

437 4217 594 4283 Comitem
613 4213 770 4295 pertinere
790 4209 904 4274 debeat
923 4217 985 4274 etc.

480 4349 523 4410 iit
543 4343 685 4426 predicta
705 4341 841 4406 (tuorum
860 4340 1042 4424 dicitquod
1069 4347 1285 4407 antecessores
1314 4343 1447 4425 predicti
1474 4343 1605 4410 Thomse
1634 4353 1815 4416 tenuerunt

438 4474 615 4558 predictum
634 4471 810 4536 mererium
829 4470 869 4535 de
889 4470 1141 4538 antecessoribus
1160 4472 1259 4553 ipsius
1280 4476 1425 4539 oremus
1445 4495 1502 4556 per
1522 4477 1688 4542 servicium
1715 4483 1816 4548 nnius

439 4601 550 4667 militis
569 4608 602 4666 et
622 4600 707 4683 quod
726 4607 940 4666 antecessores
959 4599 1058 4684 ipsius
1078 4602 1222 4668 orem
1242 4603 1370 4669 fuemnt
1389 4605 1423 4668 iu
1444 4607 1560 4672 seisins
1583 4610 1623 4672 de
1642 4611 1816 4694 muritegio

442 4740 680 4800 eutecessorum
706 4731 840 4815 predicti
869 4733 996 4800 Tucim
1026 4751 1099 4806 eum
1127 4735 1311 4806 eooidebaut
1331 4743 1364 4804 et
1383 4739 1586 4821 proteres-ds
1606 4739 1761 4827 homagio
1781 4751 1817 4812 st
