3932 5498
1485 727 1542 792 171

208 1026 299 1108 opud
318 1025 521 1091 moerore
541 1033 575 1092 et
594 1029 679 1110 jenet
698 1029 782 1094 inter
807 1037 925 1096 terrem
944 1049 1041 1115 quem
1070 1033 1167 1098 Ieme
1186 1034 1226 1097 de
1246 1033 1425 1097 Iurnoorin
1446 1033 1523 1097 emit
1543 1033 1583 1098 de

210 1177 264 1222 me
284 1164 317 1221 et
337 1165 456 1222 terrem
475 1178 571 1241 quem
589 1159 694 1226 dietus
714 1160 902 1226 Wrnrniiue
922 1163 1000 1226 emit
1012 1161 1053 1228 de
1075 1181 1127 1226 ine
1139 1163 1231 1244 ouius
1250 1183 1323 1228 eure
1342 1171 1438 1245 ouput
1459 1164 1583 1228 bomele

209 1289 394 1354 extenditur
413 1309 511 1372 unque
532 1291 573 1354 ed
593 1299 710 1356 terrem
738 1313 835 1374 quem
864 1293 1043 1358 anmiue
1070 1295 1230 1360 rrmooo
1260 1295 1343 1384 emit!
1357 1295 1397 1358 de
1417 1294 1584 1358 Wiunireo

210 1421 331 1484 Kouni«
351 1429 385 1485 et
404 1427 501 1502 ceput
521 1421 590 1502 eius
610 1423 748 1486 australe
768 1423 950 1486 extenditur
968 1441 1078 1488 rerem
1097 1423 1139 1486 ed
1159 1431 1278 1488 terrem
1308 1425 1499 1488 Annurnru
1527 1425 1585 1489 filii

209 1553 372 1618 Mnemon
385 1572 519 1636 quorum
532 1559 564 1616 et
577 1553 712 1616 duorum
723 1553 924 1618 dennriorum
936 1553 1078 1620 redditur
1091 1555 1190 1619 innui
1202 1572 1302 1620 unum
1310 1553 1475 1620 denerim
1488 1555 1586 1620 uuo

205 1684 250 1748 de
262 1684 421 1748 Inrnoon
440 1676 534 1747 solvit
554 1682 720 1747 nnnuetim
732 1682 767 1746 in
780 1682 862 1748 terro
882 1683 986 1748 esnnti
1006 1683 1177 1748 morum
1196 1683 1275 1748 mibi
1293 1701 1351 1767 pro
1371 1691 1456 1750 terre
1483 1703 1580 1768 quem

206 1815 251 1878 de
270 1834 323 1878 me
342 1815 431 1878 emit.
471 1814 516 1877 Et
537 1833 636 1878 unum
666 1813 794 1878 obolum
821 1813 926 1878 dietus
954 1813 1155 1878 numen
1183 1813 1268 1878 filine
1298 1811 1460 1880 uranon
1488 1814 1582 1878 solvit

208 1947 290 2008 mihi
303 1945 470 2010 annuatim
490 1944 609 2008 eeilieet
622 1945 656 2006 in
669 1944 751 2007 testo
771 1943 875 2008 renuti
895 1941 1084 2008 meamne
1096 1962 1155 2025 pro
1168 1949 1254 2008 terre
1273 1963 1369 2027 quem
1381 1944 1450 2027 ipse
1463 1950 1583 2009 emeret

206 2077 250 2140 de
269 2095 322 2140 me
341 2081 375 2139 et
394 2095 493 2140 unum
513 2075 641 2139 obolum
660 2075 765 2139 diotre
785 2074 973 2139 winmue
1002 2073 1127 2140 Pronr
1157 2075 1278 2141 solvere
1306 2076 1385 2140 mihi
1415 2079 1582 2142 ennnedm

207 2207 252 2272 ed
270 2209 388 2272 testum
409 2206 513 2270 senoti
541 2205 729 2268 Miomrrs
759 2203 923 2268 consuevit
942 2221 1001 2286 pro
1020 2209 1107 2270 terre
1131 2217 1227 2287 quem
1246 2206 1314 2287 ipre
1334 2205 1374 2270 de
1393 2225 1445 2270 me
1466 2207 1580 2272 tenuit.

209 2339 254 2402 ni
272 2339 308 2402 in
328 2357 425 2419 supra
444 2303 549 2400 udin
568 2339 621 2419 jus
641 2335 725 2418 quod
739 2334 773 2398 in
793 2333 879 2398 iios
899 2353 974 2398 aare
993 2353 1066 2398 ium
1086 2334 1153 2398 iiii
1172 2335 1375 2417 pertinenciis
1389 2343 1422 2400 ei
1435 2337 1469 2400 in
1489 2337 1583 2400 uitii

208 2469 332 2536 duobus
351 2468 488 2533 denariis
517 2468 660 2531 redditus
688 2467 787 2530 annui
806 2465 903 2530 hebui
922 2466 973 2530 vel
992 2463 1110 2529 hebere
1139 2465 1229 2548 potui
1249 2485 1306 2532 neu
1325 2468 1443 2532 hebere
1472 2473 1582 2550 potero

208 2603 316 2683 eliqua
334 2603 403 2682 lege
416 2601 466 2665 rel
485 2599 608 2663 rutione
620 2619 673 2662 me
687 2597 889 2680 contingente
910 2571 1012 2660 eidem
1031 2597 1199 2662 wirino
1212 2605 1245 2662 et
1258 2597 1426 2664 heredibus
1446 2597 1512 2662 inis
1531 2600 1582 2664 rel

209 2731 379 2813 resignetis
400 2731 465 2795 suis
484 2749 542 2811 pro
561 2749 613 2792 me
634 2735 666 2792 et
685 2748 744 2810 pro
763 2727 931 2792 heredibus
963 2727 1044 2792 meis
1064 2727 1132 2792 sine
1152 2727 1218 2792 ullo
1238 2730 1448 2794 retinemento
1477 2728 1576 2810 quiet-

209 2883 264 2926 um
283 2863 418 2927 clemeri
444 2863 675 2944 inperpetuum.
728 2861 920 2925 Hehendem
940 2867 972 2925 et
992 2860 1165 2924 tenendum
1185 2860 1247 2924 eibi
1267 2867 1299 2924 et
1319 2859 1487 2924 heredibus
1515 2861 1581 2926 suis

206 2995 259 3058 vel
278 2993 447 3075 assignetis
468 2993 533 3057 euie
557 2992 597 3055 de
623 2992 751 3055 domino
779 2991 881 3074 priore
911 2991 1043 3055 eooleeie
1075 2989 1170 3055 beete
1202 2989 1316 3053 Meum
1336 2989 1376 3052 de
1396 2991 1526 3054 Kinnir
1545 2998 1579 3055 et

208 3125 439 3190 meoeeeoribue
458 3125 525 3188 suis
544 3123 641 3188 libere
662 3124 766 3205 quiete
785 3123 867 3186 bene
886 3123 1007 3204 integre
1036 3121 1166 3204 penifioe
1187 3119 1256 3184 eine
1276 3121 1457 3204 gremmine
1477 3121 1580 3204 inper-

208 3263 349 3338 petuum.
406 3254 577 3319 Reddendo
604 3254 678 3318 inde
708 3253 874 3318 annuatim
904 3252 990 3316 dioto
1009 3251 1138 3316 domino
1165 3251 1261 3336 priori
1287 3259 1320 3316 et
1346 3253 1579 3318 mooeeeoribus

208 3385 275 3448 suis
294 3391 360 3448 tres
379 3383 526 3447 denerioe
556 3383 676 3447 soilioet
697 3383 738 3448 ed
757 3383 875 3447 festum
902 3384 1005 3448 innoti
1033 3383 1195 3448 Jonrrirre
1224 3383 1363 3466 baptiste
1384 3391 1450 3449 tree
1469 3385 1580 3450 obolos

208 3516 250 3578 ed
280 3515 397 3578 ieetum
427 3515 531 3578 munti
559 3515 748 3578 Mionsnme
768 3519 833 3577 tres
852 3513 962 3577 obolos
989 3531 1047 3595 pro
1067 3514 1190 3578 herieto
1217 3514 1332 3578 relevio
1353 3515 1470 3580 auxilio
1490 3523 1580 3582 seete

208 3645 292 3708 our-ie
311 3649 367 3725 [et]
383 3663 441 3726 pro
455 3645 542 3708 omni
555 3643 685 3708 servicio
699 3643 833 3708 seenleri
846 3643 1010 3708 erectione
1022 3643 1302 3708 eonsuetudimbne
1322 3651 1356 3709 et
1374 3647 1581 3712 omnismodis

206 3775 372 3839 demendis
401 3795 461 3856 que
482 3775 522 3839 de
541 3781 628 3840 terre
657 3775 824 3858 exiguntur
852 3776 904 3839 iel
924 3773 1006 3856 exigi
1035 3781 1195 3858 poterunt.
1236 3777 1306 3860 Ego
1335 3795 1410 3842 vero
1438 3779 1582 3860 predicte

209 3907 344 3972 Cremu
364 3915 396 3971 et
416 3909 549 3972 heredes
567 3909 631 3972 mei
650 3909 701 3973 vel
715 3907 868 3990 eedgnnti
887 3907 951 3972 mei
970 3907 1090 3972 dietum
1110 3927 1216 3972 eornm
1235 3915 1318 3972 terre
1332 3915 1365 3973 et
1378 3909 1480 3972 dietus
1500 3910 1581 3973 duos

210 4037 354 4101 deneiios
374 4037 516 4100 redditus
536 4036 635 4101 nunni
654 4037 740 4102 dioto
760 4037 928 4101 Wiirrneo
947 4037 1072 4102 Pium
1092 4041 1125 4100 et
1145 4037 1313 4101 heredibus
1333 4037 1399 4102 snie
1418 4039 1469 4103 rel
1483 4037 1579 4121 essig-

205 4167 290 4230 netis
310 4167 377 4230 euie
389 4186 446 4249 pro
465 4167 608 4250 predicte
626 4169 762 4251 pecunie
781 4168 860 4232 mihi
879 4137 1082 4252 premenibue
1094 4173 1210 4251 peneto
1221 4185 1279 4251 pro
1291 4167 1433 4251 predioto
1453 4167 1579 4234 redditu

209 4317 316 4360 nunno
350 4297 448 4361 trium
481 4299 681 4364 denariorum
709 4307 822 4375 oontre
846 4293 957 4365 ornnes
975 4299 1121 4365 homines
1140 4305 1173 4364 et
1193 4298 1328 4364 feminee
1361 4298 1582 4383 inperpetuum

210 4427 489 4494 wentirebimue
518 4437 551 4493 et
579 4429 795 4495 defendemus.
837 4432 884 4498 Ut
913 4437 1021 4496 eutem
1048 4431 1108 4496 heo
1141 4449 1214 4496 men
1245 4430 1386 4496 venditio
1419 4433 1581 4498 eonoessio

208 4561 316 4643 quiete
327 4559 477 4627 clematio
489 4562 710 4645 inperpetuum
722 4570 900 4646 perseveret
913 4563 1053 4645 presenti
1066 4563 1183 4646 seripto
1196 4561 1289 4644 eigili
1303 4561 1389 4644 [mei]
1402 4561 1580 4646 impressio·-

210 4707 284 4756 nsm
305 4692 447 4774 opposui.
488 4691 562 4762 Hir's
576 4693 710 4762 testibus
723 4693 891 4768 Winrrno
904 4693 943 4762 de
957 4694 1065 4764 uren
1086 4693 1220 4764 umori
1233 4693 1273 4763 de
1296 4693 1404 4762 Ruris
1425 4693 1580 4758 anrrro
