3986 5502
439 725 479 790 96

399 1036 511 1114 poetae
531 1032 693 1112 gesserant
714 1029 817 1096 eimnl.
846 1029 888 1094 Ic
901 1029 992 1114 cuiue
1004 1029 1050 1102 rai
1063 1027 1279 1102 teeunonium
1292 1017 1366 1095 buia
1378 1028 1517 1111 presenti
1532 1027 1649 1111 scripto
1662 1028 1767 1112 eigssla

402 1167 512 1226 noetm
531 1161 744 1244 apposuimus.
785 1162 907 1229 Valete.

1002 1714 1165 1780 cxxvn.

416 1928 420 1938 „
443 1841 677 1911 coucussm
698 1845 848 1911 OWENI
868 1845 955 1910 mu:
978 1845 1150 1908 Auem
1171 1843 1229 1908 AD
1242 1843 1423 1908 EGOLES:
1445 1844 1505 1908 DE
1526 1843 1721 1910 MABGAN.

844 1977 972 2056 [Herm
995 1977 1120 2040 Geren:
1143 1976 1193 2050 75,
1214 1964 1323 2055 B.'4.]
1512 1975 1611 2039 cnon
1632 1977 1722 2040 1249.

443 2105 552 2170 Sciant
571 2112 733 2186 presentes
746 2112 779 2170 et
792 2106 890 2170 futuri
909 2107 992 2187 quod
1012 2125 1069 2187 ego
1090 2106 1233 2171 Ownrue
1253 2104 1336 2168 filiue
1357 2105 1475 2188 Alayth
1494 2105 1624 2169 coneilio
1637 2113 1670 2168 et
1691 2125 1765 2170 oon·

403 2253 497 2298 eeneu
525 2234 676 2298 heredum
705 2253 846 2298 meorum
882 2255 1006 2320 necnon
1034 2242 1066 2299 et
1097 2234 1229 2299 aliorum
1255 2235 1430 2298 amicorum
1457 2253 1598 2298 meorum
1627 2236 1699 2299 dedi
1732 2243 1764 2300 et

399 2365 540 2428 coneeeei
559 2366 628 2430 Deo
641 2373 674 2430 et
687 2365 816 2430 ecoleeie
834 2367 949 2428 Burrn
970 2367 1081 2429 Meam
1101 2367 1140 2429 de
1162 2367 1303 2429 Menona
1324 2371 1356 2429 et
1375 2365 1539 2428 monacbis
1558 2364 1674 2429 ibidem
1694 2365 1764 2430 Deo

400 2495 607 2559 servientibus
621 2502 725 2559 totum
738 2495 906 2559 carbonem
925 2495 1084 2577 lapideum
1103 2496 1202 2559 totiue
1222 2503 1304 2558 terre
1317 2515 1386 2558 mee
1400 2501 1432 2558 et
1446 2495 1609 2557 bominum
1622 2514 1764 2558 meorum
1857 2507 1863 2518 '

399 2625 577 2706 ubicunque
606 2625 754 2688 inventus
774 2624 867 2689 fuerit
887 2645 960 2688 cum
980 2626 1076 2689 libero
1096 2624 1239 2706 ingressu
1252 2631 1285 2688 et
1305 2644 1432 2706 egreeeu
1448 2631 1519 2716 ¹tam
1538 2643 1610 2686 cum
1629 2623 1710 2705 bigis
1730 2631 1763 2688 et

402 2755 560 2836 quadrigis
581 2775 676 2837 quam
696 2755 767 2819 aliie
794 2754 930 2820 vecturis
949 2762 1043 2836 prout
1064 2755 1182 2817 eisdem
1202 2753 1395 2817 commodius
1415 2754 1519 2820 visum
1538 2753 1642 2817 fuerit.
1684 2753 1763 2816 Ten·

399 2884 517 2949 endum
546 2892 579 2948 et
609 2886 790 2950 habendum
818 2886 857 2949 de
885 2906 936 2949 me
965 2892 997 2950 et
1024 2887 1191 2950 heredibus
1219 2887 1298 2949 meie
1328 2881 1423 2948 libere
1442 2891 1476 2947 et
1496 2885 1600 2966 quiete
1628 2885 1708 2948 bene
1729 2891 1762 2949 et

399 3015 529 3094 pacifice
560 3016 629 3078 eine
660 3015 746 3079 omni
767 3016 948 3097 calumpnia
959 3017 1009 3080 vel
1024 3016 1190 3079 exaccione
1211 3036 1266 3078 eeu
1280 3014 1446 3078 demanda.
1489 3016 1551 3076 Pro
1572 3015 1632 3077 heo
1653 3021 1761 3077 autem

401 3142 574 3207 donacione
593 3163 666 3207 mea
685 3144 839 3208 dederunt
859 3147 937 3208 mibi
956 3145 1087 3226 predicti
1107 3146 1254 3209 monachi
1266 3167 1321 3227 pra
1335 3145 1480 3208 menibus
1500 3145 1662 3208 dimidiam
1682 3165 1762 3208 mar·

400 3291 480 3336 cam.
535 3275 705 3338 Reddenda
734 3277 900 3338 annuatim
931 3275 1012 3337 mihi
1031 3283 1064 3338 et
1083 3274 1249 3339 heredibus
1274 3275 1352 3337 meie
1372 3275 1406 3337 in
1427 3275 1532 3355 vigilia
1560 3275 1686 3337 Natalis
1699 3276 1762 3338 Do·

402 3400 482 3463 mini
495 3401 658 3465 dimidium
678 3423 773 3467 erano
788 3403 1008 3466 cumireunenti
1022 3403 1169 3485 quamdiu
1183 3404 1266 3466 dicto
1280 3403 1414 3467 carbone
1434 3404 1581 3484 predictis
1600 3405 1764 3467 monachia

401 3531 450 3593 uti
476 3533 639 3612 placuerit.
682 3534 836 3615 Quicquid
864 3555 938 3598 vero
968 3534 1096 3614 dampni
1124 3533 1307 3596 incurrerim
1334 3531 1384 3596 vel
1411 3533 1599 3614 perdiderim
1618 3533 1658 3594 de
1678 3541 1763 3596 terra

402 3661 512 3724 arabili
531 3663 776 3744 perfossionem
800 3664 878 3727 dicti
907 3664 1051 3728 carbonie
1077 3663 1210 3744 predicti
1238 3663 1385 3726 monachi
1408 3663 1487 3725 mibi
1517 3663 1685 3726 restituent
1705 3683 1761 3744 per

399 3793 502 3857 visum
521 3793 675 3856 bonorum
695 3798 727 3855 et
747 3792 894 3872 legalium
913 3793 1059 3856 virorum.
1100 3793 1195 3854 Hanc
1216 3798 1323 3854 autem
1347 3792 1554 3854 donacionem
1574 3811 1678 3854 meam
1698 3811 1756 3872 ego

400 3932 433 3988 et
453 3923 584 3987 heredes
603 3923 667 3985 mei
687 3929 799 3986 contra
829 3941 939 3985 omnes
966 3921 1116 3984 mortales
1144 3922 1420 3985 warantizabimus
1449 3923 1679 4002 inperpetuum.
1722 3925 1761 3984 In

399 4055 489 4136 cuiue
508 4053 554 4116 rei
575 4052 791 4115 testimonium
818 4051 892 4115 huic
919 4053 1057 4132 presenti
1085 4051 1200 4134 scripto
1230 4051 1375 4114 dominue
1394 4071 1484 4115 moue
1513 4053 1677 4133 Iaeyeanue
1697 4072 1763 4116 una

397 4204 470 4248 oum
504 4184 604 4264 sigillo
638 4202 709 4245 meo
737 4182 874 4263 sigillum
908 4201 1000 4246 suum
1020 4183 1174 4264 apposuit.
1221 4183 1295 4245 Hiie
1328 4182 1472 4258 testibus,
1507 4183 1657 4248 Loretum
1690 4187 1756 4251 filio

399 4317 564 4379 Moretur.
614 4288 776 4379 Mordere
804 4321 844 4377 et
862 4315 1012 4378 Gnenooo
1041 4313 1189 4376 fratribus
1216 4313 1366 4394 ejusdem.
1408 4315 1501 4376 Erum
1529 4322 1561 4378 et
1593 4315 1759 4381 Meummo

399 4445 519 4507 clericis
537 4444 589 4508 de
618 4445 733 4508 Arrun
786 4447 876 4509 Rrec
904 4450 937 4507 et
969 4445 1118 4508 cnmooo
1138 4445 1212 4508 filiis
1232 4445 1374 4508 ΑΒΜ·
1430 4420 1601 4510 domem
1621 4448 1662 4512 ab
1681 4448 1759 4512 Eer'

398 4574 480 4638 Ivoa
498 4573 576 4638 Hm
616 4574 747 4639 Severa
767 4575 807 4639 ab
828 4575 936 4640 Drvm
956 4581 988 4640 et
1009 4575 1117 4640 multia
1137 4575 1218 4640 aliie.
