3956 5488
444 741 506 821 lid

399 1075 457 1144 per
475 1061 707 1124 mommeutum
727 1055 897 1140 proborum
916 1062 950 1122 et
969 1055 1117 1140 legelium
1137 1055 1301 1121 hominum
1320 1055 1362 1120 de
1379 1055 1524 1140 portorus
1550 1053 1663 1120 viduis
1689 1055 1774 1122 vide·

398 1189 473 1254 lieet
501 1188 671 1272 injuriosae
700 1188 870 1254 dilucium
895 1188 978 1254 inter
1005 1190 1092 1271 ipsos
1120 1189 1294 1254 memus
1324 1194 1358 1252 et
1389 1187 1519 1252 Ασσωι
1546 1193 1579 1252 et
1600 1192 1780 1250 sectetoree

396 1319 483 1384 curie
501 1319 586 1382 illius
598 1319 798 1384 mechinotes
817 1319 977 1400 iusticiem
990 1319 1024 1382 in
1037 1319 1162 1402 loquele
1180 1319 1236 1382 ille
1255 1318 1405 1400 consequi
1424 1335 1489 1380 uon
1509 1315 1614 1398 potuit
1634 1315 1678 1379 ed
1697 1335 1770 1398 que·

397 1449 498 1512 telem
517 1449 660 1533 ejusdem
681 1448 842 1513 Gmomrr
862 1449 980 1531 pluries
1007 1449 1260 1515 mundaverimus
1286 1449 1418 1532 preletis
1445 1450 1647 1514 memmei
1667 1447 1773 1510 nune

395 1581 481 1662 quod
501 1579 587 1642 dioto
606 1580 775 1643 Gmsneno
788 1579 861 1644 inde
874 1581 942 1643 fieri
955 1581 1096 1644 fecerent
1115 1579 1241 1664 justicie
1260 1579 1526 1660 complementum
1545 1577 1640 1642 iidem
1661 1585 1768 1640 nmen

396 1711 565 1776 memus
578 1717 611 1775 et
630 1712 735 1774 Aorno
753 1711 876 1794 profcto
895 1713 1066 1776 Grnonero
1079 1711 1113 1775 in
1127 1711 1253 1794 loquele
1270 1711 1413 1792 predicte
1427 1709 1590 1803 justicium
1609 1709 1772 1790 hucusque

395 1841 500 1906 iecere
519 1861 584 1904 non
605 1848 756 1905 cureruut
776 1848 824 1905 eet
838 1841 868 1904 ei
888 1841 1056 1904 defuerunt
1069 1841 1245 1926 injusticie
1276 1841 1456 1904 exhibende
1484 1841 1567 1904 sicut
1586 1860 1625 1905 er
1646 1839 1773 1922 querele

401 1971 502 2054 ipelus
522 1972 684 2035 Gmnnnm
704 1972 882 2053 occepimus
902 1972 1019 2036 iterete
1038 1991 1132 2054 super
1151 1991 1213 2053 quc
1232 1971 1317 2035 idem
1345 1972 1537 2036 Gmsueuus
1564 1970 1656 2034 uobis
1684 1974 1776 2056 cujus

402 2101 561 2164 insteuoie
590 2101 777 2183 supplicevit
805 2107 842 2164 ut
862 2101 892 2165 ei
911 2101 951 2164 de
971 2101 1108 2165 remedio
1138 2100 1301 2182 providero
1329 2120 1512 2165 emeremus
1530 2101 1564 2164 iu
1584 2101 1645 2164 hee
1670 2107 1770 2183 perte.

438 2233 508 2296 Nos
527 2231 622 2313 igitur
642 2232 696 2314 qui
724 2233 846 2295 retione
877 2233 1045 2313 superioris
1075 2231 1195 2294 domini
1222 2250 1332 2295 eumue
1361 2231 1506 2296 omnibus
1526 2239 1560 2296 et
1580 2231 1712 2314 siugulis
1731 2232 1770 2294 de

397 2381 494 2445 reguo
515 2369 548 2426 et
574 2363 722 2426 dominiis
750 2363 867 2426 nostris
887 2363 922 2425 in
941 2363 1138 2426 exhibicione
1167 2363 1294 2446 justicie
1323 2361 1480 2426 debitores
1508 2363 1651 2426 volentes
1681 2361 1766 2424 dicto

399 2483 571 2558 &munero
598 2493 632 2557 in
657 2494 719 2558 hec
748 2501 838 2576 perte
867 2494 1027 2576 justicium
1056 2494 1197 2558 exhiberi
1227 2495 1457 2576 ossignevmm
1475 2511 1533 2557 vos
1552 2501 1618 2556 tres
1637 2501 1671 2556 et
1690 2493 1769 2556 duos

397 2630 539 2687 vestrum
553 2623 747 2706 J'ueticierios
767 2631 894 2688 nostros
913 2622 955 2688 ed
975 2624 1139 2714 pscordum
1158 2629 1192 2688 ot
1211 2642 1394 2706 processum
1413 2623 1536 2706 loquele
1565 2624 1702 2706 predicte
1738 2624 1771 2686 in

400 2753 489 2817 curie
517 2753 730 2834 predictorum
751 2755 889 2817 Brennus
910 2759 942 2816 et
963 2753 1069 2816 mm
1089 2753 1201 2816 hebite
1218 2753 1253 2816 iu
1273 2754 1385 2818 eedem
1404 2754 1519 2818 recturi
1538 2755 1716 2820 leciendum
1735 2761 1770 2818 et

399 2901 438 2946 ee
458 2883 582 2963 plenius
601 2883 858 2947 examinendum.

398 3013 454 3076 Ite
472 3013 556 3095 quod
576 3014 605 3076 si
623 3013 764 3078 iuvenire
783 3013 949 3094 contigerit
968 3013 1055 3093 ipsos
1074 3014 1251 3078 Βισσσσσκ
1270 3018 1304 3077 ct
1325 3013 1455 3079 Αωωι
1474 3015 1576 3078 eidem
1602 3017 1774 3080 Gmnnnro

397 3142 558 3223 justicium
577 3143 612 3206 in
631 3143 744 3206 eedem
763 3142 889 3226 loquele
907 3143 1019 3206 iecisse
1046 3143 1179 3206 ulterius
1207 3144 1282 3207 inde
1300 3163 1358 3226 per
1376 3165 1433 3209 vos
1461 3153 1573 3211 contre
1592 3147 1771 3212 libertetem

399 3287 492 3336 suem
519 3272 702 3336 uulletenus
732 3277 941 3354 attemptetur
960 3279 993 3334 et
1014 3273 1041 3336 si
1060 3292 1117 3352 per
1136 3291 1192 3336 vos
1212 3273 1376 3338 inventum
1406 3273 1501 3338 merit
1528 3276 1687 3357 predictos
1718 3280 1772 3342 m-

398 3419 533 3466 osuomr
552 3409 586 3466 et
607 3403 737 3467 Ασσωι
756 3403 796 3467 de
815 3403 970 3467 comitatu
998 3403 1248 3467 Kennnunron
1268 3411 1302 3468 et
1322 3407 1522 3471 senescalciis
1551 3415 1708 3472 terrm
1734 3409 1775 3472 de

400 3537 534 3602 onem
555 3533 678 3596 Menon
698 3539 731 3595 et
753 3534 922 3598 cruorem
942 3550 980 3595 ec
1000 3539 1086 3596 terre
1104 3532 1145 3596 de
1166 3534 1369 3598 Gmceeen
1394 3536 1528 3618 copiatis
1556 3537 1672 3602 lecturi
1703 3539 1775 3603 inde
1826 3605 1831 3624 ,

397 3663 483 3748 quod
503 3663 544 3729 ed
563 3661 726 3744 juenoiem
744 3662 881 3743 pertinet
911 3661 1085 3725 secuudum
1105 3663 1191 3744 leges
1210 3668 1244 3727 et
1264 3665 1508 3730 consuetudines
1536 3669 1678 3748 portium
1706 3690 1773 3752 pre·

398 3796 557 3861 dictorum
576 3793 672 3858 solvis
691 3799 753 3856 etc.
768 3792 987 3857 mmdevimus
1007 3793 1092 3856 enim
1111 3793 1243 3874 prefatis
1263 3795 1409 3860 memo
1422 3804 1455 3860 et
1470 3799 1574 3861 Arm
1595 3801 1645 3864 vel
1667 3821 1771 3865 eorum

397 3929 468 3995 loco
488 3927 612 3992 tenenti
631 3926 665 3989 in
684 3903 827 4007 predicto
846 3929 932 3987 terre
951 3925 991 3987 de
1011 3924 1160 3987 Goowns
1184 3924 1268 4006 quod
1287 3925 1349 4006 ipsi
1368 3927 1409 3990 ed
1430 3935 1534 3991 certos
1561 3927 1631 3994 dies
1650 3938 1685 3995 st
1704 3931 1773 3994 loce

397 4075 477 4144 quos
496 4075 554 4124 ros
573 4059 640 4122 tres
659 4056 710 4120 vel
723 4055 787 4119 duo
798 4059 939 4118 vetrum
952 4054 999 4117 eie
1011 4053 1091 4117 scire
1110 4053 1237 4118 lwietis
1255 4055 1403 4120 exhibere
1423 4057 1543 4123 imient
1563 4078 1672 4124 eorem
1683 4062 1769 4127 vobis

396 4191 500 4256 tribus
527 4189 578 4255 vel
607 4187 731 4252 duobus
758 4191 900 4252 vestrum
919 4183 954 4247 in
973 4184 1060 4247 dicte
1087 4185 1176 4248 curie
1202 4187 1366 4249 recordum
1386 4195 1420 4252 et
1439 4207 1623 4268 processum
1651 4191 1770 4274 loquele

397 4320 538 4404 predicte
558 4318 804 4385 exemiuendum
817 4316 851 4380 in
865 4315 968 4379 forme
985 4314 1129 4398 predicte
1139 4321 1173 4379 et
1186 4315 1278 4380 vobis
1297 4316 1398 4381 tribus
1418 4320 1469 4382 vel
1489 4319 1614 4384 duobus
1633 4329 1770 4386 vestrum

397 4451 532 4519 ulterius
550 4451 588 4514 in·
605 4451 717 4515 mem
735 4449 861 4532 loquele
879 4455 1014 4531 pereunt
1033 4455 1067 4512 et
1086 4447 1256 4512 intendent
1268 4454 1301 4512 et
1314 4449 1433 4513 eisdem
1457 4450 1542 4532 qued
1561 4449 1625 4532 ipsi
1644 4451 1683 4517 de
1700 4471 1767 4536 pse-

398 4581 486 4647 diote
504 4581 591 4646 torre
609 4579 649 4644 ds
670 4580 825 4645 Gouwnn
837 4597 896 4642 neo
915 4598 981 4643 non
1001 4579 1178 4644 vicecomiti
1202 4587 1312 4644 nostru
1336 4581 1507 4646 comitatus
1533 4583 1670 4664 predicti
1688 4582 1768 4667 qued

398 4711 468 4794 ipse
486 4708 529 4777 de
547 4707 701 4774 comitutu
724 4707 865 4791 predicto
884 4715 924 4774 et
937 4707 1122 4776 mercule
1139 4710 1259 4778 nocuis
1278 4712 1541 4790 oenomelum
1555 4715 1767 4802 prediptorom
