3986 5502
420 759 463 825 to

387 1079 588 1168 parliamenti
607 1079 726 1146 scilieet
746 1079 787 1144 ed
806 1077 1021 1144 molendinmn
1053 1079 1162 1144 Snoon
1181 1075 1314 1161 predicti
1336 1095 1384 1141 111
1396 1075 1455 1142 viri
1475 1075 1751 1143 consideraverunt

388 1214 471 1298 quod
491 1213 594 1277 dictus
614 1211 657 1276 B:
681 1211 821 1276 Srwsoo
837 1211 939 1276 dictos
958 1211 1102 1275 homines
1120 1210 1197 1274 dicti
1218 1211 1358 1274 Hownm
1378 1209 1507 1274 reddam
1527 1209 1620 1274 debet
1634 1217 1666 1274 et
1686 1210 1752 1275 dic·

386 1353 439 1410 tus
459 1344 589 1409 nowen
606 1339 728 1406 dictum
746 1343 788 1406 T:
810 1341 851 1406 de
869 1343 1056 1408 Hoonuson
1076 1347 1109 1406 et
1130 1361 1219 1406 arma
1238 1360 1297 1405 sua
1316 1345 1349 1405 et
1379 1340 1496 1406 cotella
1525 1305 1697 1406 deliberare
1718 1348 1753 1406 et
1805 1309 1811 1324 ’

388 1475 518 1576 neddere
537 1472 649 1538 debet:
672 1492 767 1555 quam
787 1471 1072 1538 consideracionem
1091 1473 1264 1538 vicecomes
1283 1471 1439 1536 concessit
1458 1491 1516 1554 pro
1535 1471 1651 1536 comite
1672 1471 1755 1553 quod
1829 1509 1834 1516 -

388 1607 492 1672 dictus
510 1605 639 1670 Howmt
658 1625 698 1670 ex
716 1611 807 1687 parts
827 1605 990 1671 enuidens
1009 1605 1175 1670 concessit.
1219 1603 1273 1669 oet
1292 1603 1397 1668 dictus
1416 1603 1584 1668 &omnus
1615 1603 1754 1667 sewino

387 1734 466 1802 illud
485 1735 675 1800 contradixit
695 1733 827 1799 dicendo
840 1735 924 1819 quod
943 1735 1046 1798 dictos
1065 1733 1209 1798 homines
1228 1733 1358 1798 reddere
1378 1733 1481 1797 noluit
1500 1751 1560 1796 neo
1580 1731 1755 1798 deliberare

387 1875 421 1934 et
441 1867 524 1951 quoe
544 1867 623 1930 mnu
642 1867 754 1931 noue
774 1867 887 1949 agenn
906 1867 946 1932 ee
966 1833 1083 1949 magu
1111 1865 1237 1930 aonam
1256 1873 1289 1930 et
1309 1863 1393 1947 quoe
1412 1863 1492 1928 nnn
1512 1863 1623 1928 taem
1653 1864 1755 1928 nune

388 2005 482 2064 tenus
501 2003 645 2079 treugam
664 1997 752 2060 illem
771 1997 873 2061 noluit
893 2004 1011 2063 tenere.
1053 1995 1147 2062 Unde
1160 2015 1216 2078 per
1235 1995 1301 2081 hoq
1316 1995 1426 2078 incipit
1446 2015 1591 2077 guerram
1610 1995 1708 2058 talem
1720 1994 1755 2058 in

387 2145 451 2213 qne
469 2127 554 2191 idem
573 2103 740 2191 &onnus
762 2125 898 2190 Srwnno
918 2125 1000 2190 sicut
1020 2126 1143 2190 telonus
1172 2132 1205 2190 st
1225 2123 1358 2188 felonice
1378 2129 1411 2188 et
1431 2123 1580 2186 seductus
1600 2123 1660 2186 init
1679 2143 1752 2186 oon·

388 2253 600 2320 sentientibus
619 2253 705 2320 dicto
725 2253 873 2319 Hownoo
892 2259 925 2319 et
945 2254 1126 2318 homimine
1156 2252 1221 2317 suis
1250 2253 1386 2316 inimicis
1415 2251 1540 2316 comitis
1560 2259 1592 2317 et
1612 2259 1756 2336 mengum

363 2475 366 2480 Ι
388 2385 500 2454 habuit
519 2405 593 2450 oum
611 2385 740 2449 domino
760 2385 889 2448 Hownn
907 2383 991 2450 inire
1008 2385 1176 2448 mortalem
1195 2401 1340 2467 guerram
1359 2384 1493 2450 comitis.
1540 2385 1585 2448 Et
1605 2386 1666 2448 hoe
1686 2387 1757 2450 sine

322 2539 324 2545 ⁸
389 2531 520 2582 assensu
540 2522 573 2578 et
593 2513 723 2578 consilio
743 2513 867 2578 comitis
886 2513 937 2579 vel
966 2512 1152 2577 ballivorum
1182 2531 1309 2578 suorum
1329 2513 1413 2596 quod
1431 2514 1537 2596 patuit
1556 2535 1632 2578 num
1652 2517 1758 2580 dictns

389 2663 495 2712 oomse
514 2663 574 2709 nec
593 2641 776 2726 gurnisones
789 2649 967 2707 oasmornm
981 2660 1109 2706 suorum
1129 2642 1248 2706 scilicet
1268 2641 1308 2706 de
1328 2641 1426 2706 Kmrs
1446 2649 1479 2706 et
1499 2643 1539 2708 de
1560 2643 1629 2708 eliis
1642 2646 1756 2710 caenis

349 2780 352 2850 i
391 2775 457 2842 sois
477 2774 599 2839 nollem
617 2778 765 2855 poterant
784 2771 830 2836 ire
850 2771 1095 2854 equitationem
1117 2778 1166 2834 set
1196 2770 1317 2834 dictum
1337 2771 1464 2834 Hownn
1484 2771 1560 2854 quin
1580 2772 1684 2837 dietus
1704 2775 1760 2838 Bu

389 2922 516 2971 omne
537 2893 673 2969 srwmn
693 2901 800 2986 quide
819 2901 949 2967 oonsilio
969 2901 1094 2966 comitis
1114 2901 1174 2965 fuit
1195 2901 1276 2964 sient
1297 2901 1444 2965 seductor
1463 2909 1495 2966 et
1516 2903 1640 2968 telonus
1659 2911 1693 2969 et
1713 2906 1757 2969 fe

389 3035 491 3102 ionice
510 3053 568 3118 per
587 3053 622 3098 se
642 3039 674 3098 et
694 3052 751 3115 per
770 3032 914 3097 homines
933 3049 1008 3094 suos
1028 3029 1246 3094 contrafidem
1267 3036 1300 3094 et
1319 3049 1431 3111 pacem
1451 3031 1576 3094 comitis
1596 3041 1629 3098 et
1649 3034 1758 3100 homa·

390 3165 477 3248 giem
496 3165 579 3249 quod
600 3163 630 3229 ei
648 3163 766 3229 feceret
786 3169 819 3227 et
838 3164 900 3226 hoe
919 3161 1050 3226 islonice
1070 3161 1145 3225 iecit
1165 3165 1198 3224 et
1216 3161 1396 3242 procuravit
1416 3161 1458 3226 ed
1478 3161 1757 3228 exheredationem

390 3293 516 3359 comitis
536 3299 569 3358 et
590 3293 631 3357 ad
664 3291 816 3356 murnum
836 3298 869 3356 et
889 3290 1071 3372 hurtegium
1104 3289 1203 3372 ipsius
1232 3297 1266 3356 et
1294 3291 1459 3355 hominum
1493 3311 1621 3358 suorum
1640 3303 1673 3358 et
1693 3302 1754 3360 ter-

364 3439 498 3487 xrurtrm
526 3441 656 3486 suerum
676 3421 717 3486 ed
740 3421 916 3488 valenciam
943 3421 1030 3485 mille
1058 3421 1208 3485 librarum
1236 3422 1457 3504 sterlingorum
1478 3429 1510 3486 et
1531 3425 1665 3506 emplius
1694 3427 1762 3492 sire

391 3558 494 3617 morte
514 3552 683 3634 proborum
702 3552 840 3618 virorum
855 3560 889 3616 ut
903 3552 942 3616 de
956 3551 1083 3616 domino
1104 3551 1287 3616 Honorem
1308 3552 1373 3616 lilio
1394 3553 1532 3616 Manent
1544 3561 1577 3619 et
1591 3554 1630 3619 de
1649 3558 1762 3622 multis

392 3682 464 3748 aliis
495 3683 561 3749 sire
588 3681 805 3748 combustione
835 3689 990 3748 terrarum
1021 3701 1160 3748 suerum.
1200 3683 1245 3746 Et
1266 3683 1293 3747 si
1312 3684 1473 3766 predictus
1498 3685 1665 3752 Bromios
1685 3689 1758 3752 talis

392 3820 477 3878 esset
497 3811 581 3896 quod
593 3813 677 3876 hunc
690 3811 839 3876 ieloniem
859 3811 1078 3876 seduocionsm
1098 3811 1264 3890 defendere
1283 3813 1379 3877 vellet
1401 3813 1594 3880 Srnrnsros
1621 3817 1761 3882 Brocnr

392 3941 484 4006 miles
501 3947 535 4006 et
553 3941 648 4006 homo
668 3940 792 4006 comitis
812 3948 943 4024 peretm
963 3949 1012 4006 est
1030 3962 1088 4025 per
1107 3960 1220 4024 corpus
1241 3961 1333 4007 suum
1354 3943 1436 4008 siout
1457 3944 1590 4009 audiens
1602 3949 1635 4010 et
1648 3948 1762 4012 ridens

395 4071 436 4135 ad
455 4069 731 4136 disreeionandum
750 4091 860 4136 versus
880 4071 1001 4136 dietum
1028 4071 1204 4136 memnon
1235 4073 1371 4138 Srwsno
1392 4053 1602 4141 sicuti-ersus
1622 4079 1760 4144 telonem

394 4209 427 4267 et
448 4203 646 4267 seductorem
659 4221 716 4284 per
728 4221 839 4268 omnes
859 4204 943 4286 quod
963 4221 1068 4268 comes
1087 4203 1299 4267 consideraret
1320 4204 1404 4286 quod
1422 4205 1526 4270 iacere
1546 4205 1672 4272 debent.
1714 4211 1762 4275 Et

394 4331 522 4397 sitorte
542 4332 730 4416 contingerit
751 4333 834 4416 quod
854 4333 958 4399 dictus
989 4335 1181 4399 Snnrntuns
1207 4335 1345 4398 Bnuonr
1365 4335 1426 4400 hoo
1445 4335 1547 4400 iacere
1567 4355 1633 4401 non
1652 4345 1759 4419 possm

394 4477 451 4544 per
470 4480 584 4544 corpus
604 4464 724 4528 domini
743 4465 862 4530 Treoua
876 4465 916 4530 de
929 4466 1168 4530 Bannecnmo
1181 4465 1232 4530 vel
1245 4486 1301 4548 per
1315 4465 1413 4530 alium
1433 4465 1638 4530 sufficientem
1649 4487 1759 4534 versus

394 4589 515 4656 dietum
534 4593 709 4659 Brennum
730 4597 867 4661 Srwnno
887 4617 992 4662 comes
1011 4597 1100 4661 illum
1120 4597 1277 4678 probaret.
1318 4596 1363 4661 Et
1376 4596 1488 4661 dehoc
1501 4597 1622 4663 invenit
1640 4599 1760 4680 plegios

394 4721 436 4786 ed
455 4725 707 4806 prosequendum
727 4728 847 4794 scilicet
867 4730 1062 4795 wmmnun
1082 4728 1121 4794 de
1136 4729 1257 4795 eumn
1278 4729 1475 4795 Gnomnuu
1498 4728 1538 4795 de
1565 4727 1759 4795 Urrrsevrnr.

395 4857 427 4916 ot
447 4851 626 4918 dossum
645 4853 686 4922 de
707 4855 825 4932 Ruunt
