3986 5502
1495 868 1537 982 ,⁷⁵

214 1147 391 1224 usurarios,
422 1153 563 1230 raptores
599 1147 750 1230 publicos,
779 1148 934 1212 malitiose
964 1147 1170 1229 impedientes
1195 1147 1411 1212 executionem
1431 1147 1576 1228 legalium
1675 1163 1680 1172 ’

216 1285 494 1352 testamentorum,
522 1285 555 1342 et
584 1298 638 1342 eos
658 1279 712 1358 qui
731 1278 853 1359 pignus,
885 1277 939 1341 ubi
968 1277 1047 1338 nihil
1066 1276 1105 1340 de
1126 1285 1210 1340 sorte
1239 1277 1400 1356 minuitur,
1430 1278 1576 1352 retinent,

216 1417 387 1490 postquam
401 1407 442 1471 de
455 1407 606 1470 fructibus
619 1413 737 1470 sortem
750 1406 931 1488 receperint,
952 1407 1093 1470 deductis
1113 1407 1267 1488 expensis.
1308 1407 1362 1482 Ita
1374 1415 1482 1471 tamen
1495 1405 1577 1489 quod

217 1539 284 1602 sine
304 1537 496 1602 auctoritate
515 1543 624 1602 nostra
642 1537 694 1600 vel
714 1536 852 1600 officialis
872 1537 973 1600 nostri
991 1555 1057 1599 non
1078 1535 1289 1601 absolvantur.
1330 1537 1451 1602 Valete.

863 1954 949 2019 CXI.

297 2083 434 2147 OARTA
464 2081 710 2145 WILLOELMI
738 2083 798 2144 DE
829 2083 962 2148 BARRI
991 2085 1051 2148 DE
1082 2087 1176 2150 XXX
1197 2088 1320 2152 sums
1339 2087 1493 2154 TEBRE.

665 2213 791 2292 [Eram
824 2214 1144 2296 enormitate]
1323 2219 1531 2284 cmos1230.

255 2343 437 2408 Reverendo
456 2343 540 2424 patri
560 2349 592 2406 et
612 2342 739 2405 domino
759 2345 951 2406 anvuruu
971 2347 1116 2427 episcopo
1144 2355 1177 2410 et
1205 2349 1357 2412 universis
1377 2354 1486 2411 sancte
1505 2366 1570 2410 mc·

220 2477 274 2538 tris
294 2473 424 2537 ecclesie
443 2473 516 2534 filiis
537 2472 753 2534 Wmumnnus
772 2471 811 2536 de
831 2473 936 2534 Bsnm
957 2474 1101 2537 salutem.
1144 2477 1274 2540 Noverit
1295 2477 1483 2541 universitas
1502 2496 1569 2541 ves-

217 2613 265 2668 tre
283 2605 368 2686 qnod
387 2623 445 2684 ego
464 2622 521 2683 pro
541 2603 643 2664 seluto
663 2601 767 2663 anime
786 2621 856 2664 mee
876 2608 908 2666 et
939 2623 1053 2683 sponse
1080 2624 1149 2668 mee
1180 2613 1212 2668 et
1243 2605 1408 2670 animabus
1428 2606 1569 2668 omnium

216 2735 468 2818 predecessorum
488 2738 520 2794 et
541 2751 754 2794 successorum
775 2750 916 2794 meorum
935 2732 1006 2794 dedi
1027 2741 1058 2796 et
1079 2737 1218 2798 concessi
1239 2738 1307 2798 Deo
1328 2745 1360 2800 et
1381 2735 1571 2799 monasterio

216 2872 323 2928 sancte
345 2864 456 2925 Mrem
476 2861 515 2922 de
537 2861 634 2922 Nuus
659 2867 691 2921 et
718 2859 882 2922 monachis
910 2861 1025 2923 ibidem
1053 2862 1158 2926 divino
1186 2865 1374 2945 mancipatis
1394 2865 1494 2927 officio
1514 2863 1568 2926 tri·

217 2997 304 3076 ginta
322 3011 411 3056 acras
431 2999 513 3052 terre
533 2987 684 3052 deiende
713 3007 784 3050 meo
804 2988 837 3049 in
858 2989 955 3052 (iuna
983 2991 1066 3052 inter
1093 2997 1233 3054 montem
1253 2993 1291 3056 de
1313 2995 1516 3056 Kuvnrnm
1537 2999 1569 3056 et

215 3127 296 3190 viam
314 3143 375 3204 que
394 3141 451 3202 per
470 3121 581 3183 silvam
599 3119 638 3180 de
656 3119 762 3180 Brun
783 3119 885 3182 tendit
905 3119 946 3182 ab
965 3121 1071 3184 villam
1084 3121 1124 3184 de
1137 3123 1289 3186 Pursrcarrr
1309 3143 1382 3188 curn
1401 3124 1566 3204 adjacente

215 3253 496 3319 communicatione
524 3256 591 3312 tarn
611 3249 644 3310 in
665 3249 759 3312 bosco
787 3268 882 3330 quem
900 3250 935 3312 in
962 3251 1058 3331 plano
1087 3251 1121 3314 in
1151 3260 1334 3335 perpetuam
1362 3254 1566 3318 elemosinam

217 3387 254 3450 de
274 3404 324 3448 me
345 3391 378 3446 et
397 3380 563 3444 heredibus
582 3379 661 3440 meis
681 3377 851 3442 tenendam
871 3379 911 3441 ab
931 3381 1017 3441 omni
1038 3382 1170 3444 seculari
1190 3383 1319 3446 serneio
1346 3389 1380 3447 et
1407 3385 1570 3448 exactione

215 3518 353 3598 quietam
372 3521 404 3576 et
425 3513 554 3574 liberam
574 3517 705 3591 excepta
724 3509 859 3590 quadem
880 3529 987 3572 annua
1006 3512 1217 3592 recognitione
1237 3513 1315 3575 mihi
1333 3513 1383 3578 vel
1403 3514 1569 3578 heredibus

213 3649 289 3711 meis
316 3641 522 3727 persolvenda
542 3641 686 3704 videlicet
716 3646 849 3720 quatuor
868 3639 1002 3720 pellibus
1026 3641 1159 3722 agninis.
1201 3643 1245 3704 Et
1272 3643 1299 3705 si
1318 3629 1398 3706 forte
1418 3663 1567 3708 numerus

215 3777 422 3858 predictarum
443 3791 584 3834 acrarum
605 3788 701 3850 snpra
727 3769 811 3832 viem
837 3775 1037 3848 prenotatam
1065 3789 1130 3832 non
1156 3771 1269 3852 plenus
1299 3771 1393 3834 inerit
1421 3773 1567 3836 inventur

214 3905 349 3970 concedo
369 3911 405 3966 ut
424 3902 463 3964 de
484 3908 567 3964 terra
585 3919 657 3962 mea
678 3899 735 3961 sub
755 3899 865 3963 eadem
885 3899 936 3962 via
956 3905 1079 3962 tantem
1104 3900 1242 3963 habeant
1270 3900 1481 3980 quantitatem
1498 3918 1567 3979 pre·

215 4037 288 4098 dicti
307 4033 456 4096 monachi
475 4038 594 4112 quante
614 4031 747 4092 sufficiat
767 4029 807 4092 ad
828 4029 999 4109 perfectam
1018 4029 1231 4110 iutegritatem
1250 4029 1415 4110 prescripti
1435 4027 1567 4091 numeri.

215 4167 256 4229 Et
276 4173 312 4227 ut
333 4165 392 4226 hec
412 4181 483 4224 mea
502 4159 632 4222 donatio
651 4165 722 4222 rata
742 4163 774 4220 et
802 4157 990 4220 inconcussa
1016 4165 1200 4238 permaneat
1231 4176 1302 4219 eum
1321 4155 1460 4237 presenti
1480 4163 1569 4218 carta

214 4317 282 4359 mea
300 4293 451 4356 confirmo
470 4297 503 4352 et
524 4289 616 4368 sigilli
635 4289 697 4350 mei
720 4289 924 4368 impressione
952 4287 1125 4350 corroboro.
1167 4287 1230 4350 His
1257 4286 1391 4350 testibus
1412 4287 1588 4362 annso,

214 4427 311 4488 milite
335 4423 376 4486 de
404 4422 610 4500 Msuo[n]oe
650 4418 846 4481 Wmumuuo
876 4417 990 4478 Rauen
1017 4415 1249 4479 constabulario
1277 4415 1317 4478 de
1348 4415 1566 4478 Suumunsus’
1650 4489 1653 4507 Ι

214 4557 365 4617 Asmuo
385 4552 480 4614 Nuus
520 4549 716 4612 Wmurnurro
735 4545 774 4609 de
794 4547 931 4609 Oesuon’
953 4553 986 4610 et
1006 4545 1149 4610 Hueoun
1176 4546 1215 4610 de
1235 4547 1378 4610 Vnmne
1417 4545 1568 4610 Joaannn

213 4685 274 4746 filio
295 4684 448 4744 Auwnrm
489 4679 638 4742 Ssusosn
658 4675 723 4738 filio
744 4676 900 4738 Gouwrrra
941 4674 1088 4739 Joeueuo
1108 4675 1196 4740 fabro
1215 4676 1254 4739 de
1275 4675 1351 4740 villa
1377 4673 1513 4757 episcopi
1532 4671 1566 4734 iu

216 4815 310 4876 Guna
348 4811 494 4876 moneo
513 4771 625 4871 bertoo
645 4811 677 4870 et
697 4805 806 4868 multis
826 4804 906 4869 aliis.
