3932 5498
373 980 493 1048 Gustus
514 979 738 1065 sutumpuuiis.
778 947 870 1048 Idem
889 985 1053 1066 uemputrt
1071 982 1106 1047 in
1125 981 1139 1046 1
1158 977 1240 1046 seris
1258 975 1409 1044 frumeuti
1428 969 1705 1042 menusmeluudis

333 1109 374 1176 ds
401 1110 508 1175 herbis
535 1109 655 1176 nocivis
684 1111 719 1173 iu
738 1129 776 1176 ee
796 1113 1009 1176 ereseeutibus
1039 1112 1158 1176 scilieet
1178 1111 1219 1176 sd
1239 1109 1384 1174 tesehum
1413 1126 1468 1172 vs.
1500 1105 1561 1170 xd.
1588 1103 1707 1168 seilicet

331 1239 418 1304 eires
436 1239 554 1304 testum
573 1238 765 1304 inventionis
786 1241 896 1305 Seneti
916 1241 1047 1306 Osuurs.
1088 1241 1130 1304 In
1149 1239 1206 1321 liiii
1228 1239 1310 1304 ueris
1328 1238 1340 1320 j
1361 1237 1440 1302 rods
1459 1231 1610 1298 frumenti
1636 1249 1710 1295 eum

332 1369 443 1435 sutelis
462 1369 636 1434 serelsudis
648 1371 732 1434 eires
751 1370 868 1436 ieetum
882 1371 998 1436 Senet'e
1018 1373 1179 1436 Jossrrss
1198 1369 1337 1452 baptiste
1349 1368 1408 1448 ijs.
1428 1365 1463 1446 iij
1473 1363 1505 1428 d.
1519 1361 1571 1427 ob.
1612 1361 1656 1424 Et
1676 1359 1711 1423 in

332 1499 390 1583 liiii
413 1501 495 1564 seris
515 1519 613 1564 evene
642 1500 816 1564 sureluudis
836 1500 877 1565 sd
897 1501 1043 1566 teuchum
1062 1500 1095 1582 iij
1108 1520 1134 1564 e.
1155 1499 1200 1582 iiij
1211 1499 1243 1564 d.
1264 1499 1315 1562 ob.
1342 1496 1461 1560 scilieet
1488 1512 1545 1576 pro
1565 1509 1639 1556 sere
1657 1489 1711 1554 ob.

326 1650 357 1715 q.
399 1633 442 1695 ut
462 1630 496 1692 iu
515 1631 572 1710 liiij
593 1631 705 1711 seriei
727 1631 802 1694 rode
822 1631 972 1695 humenti
991 1632 1037 1712 iiij
1059 1631 1140 1696 ueris
1158 1633 1171 1715 j
1193 1629 1272 1694 rode
1290 1627 1378 1694 ordei
1401 1624 1558 1690 metendis
1578 1623 1620 1686 sd
1639 1627 1704 1684 tse-

331 1759 426 1826 otum
446 1761 556 1824 xxixe.
578 1761 611 1842 iij
623 1760 654 1825 d.
677 1761 796 1825 seilieet
816 1780 873 1842 pro
892 1781 967 1826 uum
986 1761 1059 1843 vid
1102 1764 1145 1824 Et
1157 1760 1192 1822 iu
1205 1760 1261 1840 liiij
1283 1758 1364 1822 ueris
1384 1776 1483 1822 evene
1502 1753 1657 1818 metendis
1670 1751 1713 1815 ud

333 1889 480 1954 tusehem
493 1890 557 1971 xxij
567 1909 593 1954 s.
607 1889 679 1971 vid.
695 1889 815 1954 scilieet
828 1909 885 1971 pro
899 1909 973 1954 seru
985 1891 1045 1954 vd.
1086 1888 1128 1953 In
1140 1895 1256 1972 potura
1274 1889 1369 1951 unius
1389 1887 1528 1969 ripsrsvs
1548 1885 1716 1950 existentis

333 2020 420 2084 ultre
447 2021 597 2086 metentis
627 2021 723 2118 bleda
749 2041 806 2103 per
825 2041 846 2086 v
865 2022 1060 2103 septimense
1087 2020 1228 2084 vs.·xd.
1250 2018 1404 2102 sapientis
1423 2036 1481 2097 per
1500 2016 1714 2099 septimanum

333 2149 444 2231 xiiiid.
496 2151 541 2215 Et
561 2151 626 2233 inj
649 2151 681 2215 li.
703 2150 743 2214 de
764 2169 839 2232 sepo
859 2157 966 2232 empto
986 2169 1043 2232 pro
1062 2150 1181 2214 lumine
1201 2149 1242 2214 sd
1255 2165 1337 2231 opus
1356 2147 1543 2212 ballivorum
1562 2152 1595 2210 et
1614 2146 1717 2210 ismu-

212 2232 231 2339 Χ
332 2277 435 2344 lurum
454 2279 489 2342 iu
509 2285 685 2362 autumpno
703 2280 748 2360 jd.
770 2279 820 2344 ob.
862 2279 957 2343 Sum:
979 2279 1078 2344 lxixs.
1100 2279 1123 2361 ij
1135 2279 1166 2342 d.
1190 2279 1218 2360 [j
1229 2277 1261 2342 d.
1282 2277 1347 2358 ob.]

378 2408 544 2490 Stipendia
563 2410 762 2474 tumulorum.
804 2410 845 2472 Iu
875 2409 1034 2490 stipendio
1059 2409 1257 2490 jesrsuterii
1276 2408 1299 2490 ij
1320 2413 1502 2471 tenatorum
1531 2423 1718 2470 semustum

332 2557 389 2622 psr
408 2546 544 2603 estatem
564 2545 597 2602 et
617 2545 827 2620 autumpnum
845 2538 910 2602 irs.
931 2538 1060 2602 uuilibet
1087 2538 1212 2601 illorum
1238 2537 1273 2618 iij
1288 2557 1314 2601 s.
1354 2536 1396 2599 In
1415 2535 1578 2617 stipendiis
1591 2535 1613 2616 ij
1628 2535 1716 2616 iugr-

330 2678 437 2736 torum
456 2668 616 2751 peridem
636 2675 762 2751 tempus
781 2687 836 2734 vs.
879 2670 919 2732 In
941 2669 1098 2750 stipendio
1128 2669 1223 2732 unius
1252 2669 1392 2749 ripereve
1417 2689 1474 2751 per
1501 2675 1713 2749 autumpnum

333 2799 405 2882 iiis.
425 2798 497 2881 vid.
540 2799 636 2864 Sum:
658 2799 757 2880 ruiis.
786 2799 819 2880 vj
830 2798 861 2862 d.
882 2799 1044 2880 probetur.
1088 2799 1182 2864 Sum:
1204 2799 1345 2863 omnium
1364 2817 1574 2882 expensurum
1593 2797 1667 2880 xxiij
1679 2798 1713 2862 li.

336 2929 429 3015 xiiis.
446 2929 502 3012 jd
523 2929 573 2996 ob.
593 2949 624 3012 q.
659 2929 707 3012 [xj
717 2949 744 2994 s.
765 2929 826 2994 xd.
847 2928 898 2993 ob.
920 2931 965 3011 q.]
1509 2899 1512 2906 ι

832 3143 937 3208 me
957 3160 1002 3206 ns
1023 3146 1226 3209 commuue.
1248 3111 1252 3116 Ι

375 3269 531 3336 Redditus
550 3270 658 3334 ussise.
698 3271 790 3335 idem
809 3271 979 3352 respondet
999 3271 1038 3335 de
1058 3271 1100 3352 vij
1122 3271 1153 3334 li
1175 3292 1216 3335 xv
1225 3291 1250 3337 s.
1272 3271 1346 3354 iiju
1367 3273 1503 3356 reeeptis
1523 3274 1563 3337 de
1590 3273 1715 3340 redditu

339 3401 439 3468 ussise
466 3401 557 3484 burgi
587 3403 660 3466 vilis
679 3402 719 3466 de
750 3404 942 3468 Gousmuuu
972 3403 1013 3468 sd
1039 3405 1190 3467 terminos
1210 3405 1305 3468 Beati
1333 3405 1496 3469 Jonsrms
1525 3405 1662 3487 baptiste
1682 3414 1716 3470 et

340 3530 451 3596 Senot
471 3530 659 3595 Mmmms
678 3531 772 3596 simul
785 3551 859 3596 eum
871 3533 997 3596 redditu
1009 3533 1062 3614 xvj
1079 3553 1223 3597 serarum
1243 3541 1325 3597 terre
1338 3541 1371 3598 et
1384 3535 1418 3615 iij
1433 3535 1580 3598 ruderum
1599 3535 1718 3600 trudito

338 3659 557 3742 burgensibus.
599 3661 696 3726 Sum:
719 3663 762 3742 vij
774 3662 805 3725 li
820 3683 862 3728 xv
870 3683 894 3727 s.
916 3663 950 3744 iij
962 3662 992 3727 d

314 3755 321 3769 Ι
378 3790 504 3854 Exitus.
545 3791 591 3854 Et
611 3789 651 3854 de
670 3791 704 3871 iij
716 3809 741 3856 s.
761 3792 897 3872 receptis
910 3792 949 3854 de
962 3793 1049 3873 prise
1073 3793 1202 3858 eervisie
1222 3795 1338 3859 ibidem
1357 3795 1518 3877 peridem
1537 3801 1663 3877 tempus
1682 3803 1715 3860 et

340 3941 406 3988 non
424 3923 497 4004 plus
517 3941 615 3987 esusu
633 3941 742 4004 guerre
762 3929 795 3986 et
814 3929 944 4005 propter
963 3924 1132 3988 caristium.
1174 3927 1219 3989 Et
1246 3925 1286 3990 de
1316 3927 1390 4007 xxvj
1402 3945 1426 3989 s.
1458 3926 1552 4008 viijd
1583 3929 1717 4009 rsesptis

339 4050 380 4116 de
398 4051 530 4116 tolnetis
558 4051 692 4116 meresti
721 4051 865 4132 ejusdem
892 4053 967 4116 ville
998 4054 1092 4117 simul
1120 4075 1194 4120 eum
1223 4055 1374 4121 nundinis
1402 4057 1519 4122 ibidem
1538 4057 1580 4124 ud
1600 4059 1717 4124 testum

341 4169 538 4248 iureueienis
559 4181 675 4246 Sunete
695 4181 826 4247 (iuuere.
869 4183 966 4248 Sum:
988 4184 1097 4266 lxxviii
1109 4205 1133 4250 s.
1154 4187 1249 4268 viijd.

383 4309 508 4375 Plscitu
520 4317 554 4374 et
566 4311 823 4394 perquisitiones.
864 4313 956 4377 Idem
976 4317 1146 4397 respondet
1159 4317 1198 4381 de
1213 4338 1290 4383 xxs.
1310 4320 1371 4385 ud.
1392 4320 1528 4403 rsesptis
1539 4318 1579 4384 ds
1591 4321 1720 4403 plseitis

343 4447 377 4504 et
395 4438 676 4523 perquisieionibus
710 4443 868 4506 curiarum
897 4463 954 4526 per
983 4445 1068 4510 idem
1096 4454 1222 4533 tempus
1251 4449 1377 4515 ibidem.
1420 4449 1518 4515 Sum:
1550 4469 1626 4515 xrs.
1655 4451 1720 4519 ud.

344 4569 442 4639 Sum:
463 4569 566 4640 torius
584 4580 709 4659 reospte
728 4575 812 4660 xijli
833 4575 935 4660 xiiijs.
955 4577 1043 4660 iiijd.
